2842 4642
647 29 689 93 52

89 193 174 278 apud
189 193 275 261 illiue
297 193 414 260 aetatis
437 192 581 261 rhetores
603 214 701 280 quam
724 195 862 262 maxime
882 195 981 262 tritae
1013 199 1116 260 erant.
1167 194 1228 260 Ao·

89 301 193 388 cedit,
215 301 301 387 quod
324 301 394 369 Liv.
416 301 515 384 XXX,
541 305 582 367 28
604 301 646 369 ad
669 304 790 370 iontem
811 303 921 385 illum,
944 302 984 370 de
1006 324 1070 388 quo
1092 303 1227 387 agimus,

88 411 216 477 omnino
239 431 302 476 non
327 411 486 494 pertinet,
508 409 619 493 itaque
641 410 740 476 verba
761 410 826 492 illa,
855 411 983 477 etiamsi
1004 431 1023 476 e
1043 409 1151 477 Goelio
1173 408 1229 474 de·

87 521 216 601 sumpta
238 522 362 598 essent,
386 516 466 582 nihil
488 517 528 582 ad
551 539 630 584 rem.
676 519 741 584 Sed
764 520 921 586 accedunt
942 520 1005 586 alia
1033 520 1227 600 testimonia,

89 623 189 692 multo
212 627 369 710 graviora,
393 647 477 712 quae
499 625 642 694 Coelium
672 627 705 692 in
738 629 887 695 omuibus
914 629 965 696 hie
987 627 1144 712 Scipionis
1173 648 1228 694 ex·

87 731 304 816 peditionibus
327 731 408 798 Livii
429 732 550 800 fontem
573 754 638 799 non
662 754 733 800 esse
756 735 876 801 sinunt.
920 735 961 800 Η.
973 735 1070 801 Peter
1082 737 1117 802 in
1132 734 1228 817 libro,

88 841 143 924 qui
164 840 373 907 inscribitur:
417 840 465 906 De
500 840 645 908 lontibus
666 841 833 908 Plutarchi
855 844 890 908 in
916 843 991 910 vitis
1012 844 1228 909 Romanorum

89 949 338 1018 conscribendis.
389 947 504 1017 Halae.
562 953 654 1016 1865.
681 972 716 1036 p.
744 955 884 1021 52—53.
921 956 1049 1018 55-56
1081 951 1229 1020 omnihus

87 1057 154 1125 lere
187 1057 283 1140 locis,
319 1057 376 1143 qui
404 1059 437 1125 in
461 1057 544 1124 Livii
566 1059 687 1126 decade
708 1061 808 1128 tertia
830 1060 873 1128 ad
894 1061 1032 1130 Fabium
1054 1060 1230 1127 Maximum

85 1167 247 1250 pertinent
269 1165 394 1232 collatis
424 1172 522 1252 atque
545 1189 617 1234 oum
639 1166 814 1235 Plutarcho
850 1170 1048 1254 comparatis
1079 1167 1226 1234 demons-

88 1275 209 1342 travit:
253 1274 344 1341 Livio
367 1280 400 1342 et
421 1274 600 1362 Polybio4³l
622 1283 654 1342 et
676 1276 849 1344 Plutarcho
870 1277 993 1344 iontem
1020 1278 1120 1344 fuisse
1143 1297 1229 1344 com·

88 1403 215 1448 munem
238 1403 345 1450 rerum
366 1403 555 1468 graecarum
579 1389 611 1451 et
634 1405 842 1452 romanarum
873 1386 998 1470 pariter
1023 1386 1165 1470 peritum
1191 1404 1230 1450 ac

87 1491 186 1559 latine
211 1492 375 1576 scriptum.
400 1489 459 1558 Oui
480 1490 602 1558 homiui
623 1491 719 1560 dooto
741 1493 781 1560 de
793 1494 833 1560 iis
849 1493 964 1560 saltem
978 1494 1138 1579 partibus,
1148 1514 1228 1578 quas

87 1598 278 1667 endecadis
300 1597 347 1666 III
369 1598 523 1666 Livianae
554 1598 646 1666 libris
675 1600 910 1684 posterioribus
932 1601 1059 1683 attulit,
1080 1600 1229 1667 libentis·

88 1710 168 1776 simo
191 1708 396 1788 assentimur,
420 1727 459 1773 ao
480 1708 620 1776 maxime
642 1708 772 1794 quidem
794 1710 834 1775 de
855 1709 939 1776 libro
960 1710 1043 1776 Livii
1063 1707 1178 1790 XXIX,
1201 1728 1229 1773 0.

88 1821 184 1883 6-9.
208 1823 242 1883 01
263 1838 290 1884 0.
318 1820 375 1898 16,
398 1821 491 1884 4-0.
514 1819 567 1884 22.
610 1817 648 1883 In
669 1816 722 1884 his
751 1818 837 1885 enim
865 1838 964 1902 supra
990 1817 1090 1886 verba
1115 1836 1231 1902 graeca

89 1921 236 2006 aliasque
258 1941 310 1988 res
332 1940 373 1986 cx
393 1939 508 2005 graeco
532 1920 620 1988 fonte
643 1921 830 2006 desumptas
843 1922 1076 2003 inveneramus,
1087 1921 1230 2005 itemque

87 2049 236 2115 maguam
256 2049 364 2096 rerum
390 2028 609 2096 Romanarum
629 2030 790 2113 peritiem.
834 2028 926 2122 Haec
947 2030 1046 2114 igitur
1063 2028 1098 2095 L.
1113 2027 1229 2110 XXIX,

87 2157 116 2203 0.
139 2141 243 2219 6-93
271 2139 381 2218 016,
415 2141 508 2202 4-0.
531 2139 572 2200 22
615 2134 752 2202 Peterus
785 2157 825 2202 cx
853 2135 889 2201 L.
913 2135 1022 2204 Coelio
1053 2135 1231 2219 Antipatro

87 2243 258 2327 desumpta
278 2248 384 2327 putat.
430 2241 521 2321 Quod
548 2242 576 2308 si
598 2262 709 2308 verum
731 2247 792 2325 est,
813 2241 917 2330 (quod
939 2263 998 2329 ego
1016 2263 1080 2309 uon
1092 2240 1229 2324 dubito),

87 2351 247 2437 quomodo
270 2356 340 2418 tum
361 2351 581 2435 expeditiones
591 2349 751 2435 Scipionis
769 2350 1005 2435 inHispauiam
1026 2356 1062 2418 et
1081 2350 1228 2417 Africam

88 2482 129 2530 ex
170 2460 280 2528 Coelio
309 2459 499 2544 desumptae
531 2460 593 2526 dici
625 2461 785 2544 possunt?
826 2460 917 2526 inter
952 2459 1025 2526 illas
1069 2459 1153 2526 enim
1196 2465 1231 2526 et

86 2568 172 2634 hanc
191 2566 232 2634 de
253 2566 441 2634 Plemminio
464 2567 683 2632 narrationem
706 2572 863 2652 quantum
884 2567 1026 2648 intersit,
1046 2569 1113 2651 jam
1128 2584 1227 2649 supra

86 2675 303 2744 indIcavimua.
369 2673 460 2740 Nihil
491 2676 575 2740 enim
612 2682 662 2740 est
698 2674 733 2740 in
767 2673 926 2757 Scipionis
960 2673 1225 2758 expeditionibus.

88 2783 173 2870 quod
204 2803 353 2868 graecum
389 2787 537 2849 autorem
569 2781 691 2866 sapiat,
721 2781 803 2848 nihil
831 2781 918 2866 quod
947 2782 1113 2849 Fabianae
1138 2780 1228 2866 parti

89 2913 162 2959 eum
183 2889 299 2958 favisse
320 2889 449 2974 prodat.
492 2889 552 2955 Illa
574 2894 692 2973 autem,
714 2909 797 2979 quac
819 2888 861 2955 de
882 2889 1073 2983 Plemmiuio
1095 2907 1229 2956 narran-

89 3006 164 3081 tur,
197 2999 319 3083 optime
353 2998 472 3064 cadunt
493 2997 528 3063 iu
550 3019 598 3074 ea,
620 2995 704 3082 quae
725 3017 746 3063 a
767 2995 928 3065 veteribus
951 2997 992 3062 de
1013 3017 1130 3080 genere
1153 2996 1231 3062 sori·

89 3107 185 3175 bendi
208 3105 360 3172 Coeliano
383 3105 474 3172 nobis
498 3105 623 3171 tradita
656 3112 741 3172 sunt.
785 3104 909 3172 Scimus
938 3105 1054 3189 igitur,
1086 3103 1231 3171 Coelium

90 3222 221 3301 praeter
243 3220 365 3280 eeteros
395 3213 502 3280 fontes
525 3211 632 3278 Sileno
665 3235 759 3279 usum
781 3233 866 3295 esse,
889 3211 1018 3294 (Cicero
1041 3211 1081 3276 de
1104 3210 1231 3276 divina-

91 3324 180 3390 tione
201 3322 228 3402 I,
250 3324 307 3402 24,
331 3320 388 3408 49)
410 3321 587 3388 invenimus
608 3325 719 3387 autem
740 3320 842 3388 verba
864 3340 981 3405 graeca
1023 3317 1092 3384 Liv.
1114 3316 1229 3399 XXIX,

90 3432 190 3511 s-·9;
216 3431 352 3494 16-22.
399 3427 521 3492 Deinde
542 3425 721 3510 fragmenta
743 3448 802 3494 nos
824 3426 953 3508 docent,
987 3446 1060 3491 cum
1087 3424 1231 3504 somniis,

91 3535 262 3619 miraculis,
285 3533 535 3619 antiquitatibus
558 3533 695 3618 aliisque
716 3534 803 3600 illius
824 3535 951 3619 generis
964 3534 1062 3600 rebus
1073 3532 1115 3600 ad
1124 3534 1231 3617 ipsam

89 3645 257 3714 historiam
285 3664 350 3711 non
378 3640 556 3707 referendis
584 3642 718 3706 annales
747 3662 918 3708 exornasse
949 3641 1006 3707 cfr.
1036 3641 1077 3705 11.
1100 3644 1153 3719 42,
1176 3641 1230 3718 43,

91 3757 144 3835 44,
167 3756 221 3834 45,
244 3755 305 3832 46;
330 3751 381 3831 58,
405 3752 462 3830 61,
497 3750 549 3826 62,
571 3751 629 3828 40;
653 3751 714 3829 23,
747 3753 809 3814 etc.
843 3748 893 3813 ed.
922 3745 1231 3830 Meltzer310gimus

163 4008 209 4077 43)
236 4008 308 4062 Miro
326 4008 444 4077 quodam
473 4023 564 4063 errore
582 4007 727 4080 Polybium
750 4010 864 4068 Peterus
889 4010 920 4066 in
947 4010 1018 4065 hauc
1045 4007 1233 4080 quaestionem

91 4096 199 4167 Intulit,
223 4099 351 4169 Polybius
378 4101 451 4155 enim
468 4103 583 4171 propter
606 4102 703 4156 aetatis
727 4104 860 4159 tattonem
879 4103 971 4158 Coelio
989 4103 1031 4157 uti
1055 4119 1111 4157 non
1132 4100 1233 4171 potuit.

92 4185 141 4240 011.
158 4189 195 4244 M.
213 4188 364 4246 Buohholz.
399 4193 504 4262 Quibus
522 4192 642 4250 fontibus
654 4193 817 4252 Plutarchus
834 4197 863 4250 in
881 4195 946 4252 vitis
958 4194 1038 4250 Fabii
1048 4198 1101 4248 etc
1113 4209 1176 4249 uuus
1187 4192 1233 4246 ait.
