2842 4642
745 7 801 108 ⁶9}
818 40 991 172 32:132:

193 186 251 254 sed
273 207 313 254 ne
334 186 404 272 ipse
436 185 565 272 quidem
589 177 697 270 Scipio
720 204 817 262 resa
816 204 874 256 44
896 169 1015 270 gestas,
1037 133 1241 287 quamquam
1263 176 1349 243 bre-¹

195 297 288 378 riter,
313 313 475 380 exponere
496 294 682 380 indignatus
705 283 779 361 4444
792 266 1281 383 aa..·ea1·,r›2‚ne‚·.·js:.·nem
1305 279 1350 349 de

194 404 351 490 Scipione
363 405 481 472 Nasica
503 404 695 471 Plutarchus
729 402 902 493 (Aemilius
925 399 1056 467 Paullus
1079 397 1192 478 XV,4
1171 395 1208 484 4)
1238 391 1342 460 affert.

194 513 330 582 Accedit
315 513 477 601 t(Polyb.
498 514 565 596 XL,
590 517 625 604 6)
650 513 753 580 Aulus
775 513 962 602 Postumius
984 510 1050 590 ille,
1073 522 1343 593 quamquamuon

194 645 271 691 sane
294 623 391 692 laude
406 624 609 710 (1144444111.
634 661 674 674 -
697 623 864 689 Habemus
873 621 977 706 'igitur
990 618 1071 685 satis
1085 605 1227 701 amplum
1234 633 1344 680 nume·

196 747 268 800 ru'm
291 753 411 816 eorum,
436 733 491 819 qui
513 738 570 800 aut
591 738 668 800 ante
685 720 857 819 *Polybium
888 734 946 796 aut
968 732 1037 815 ejus
1058 725 1260 813 temporibus
1282 743 1345 808 res,

198 841 314 926 quibus
337 840 561 923 interfuerunt,
584 841 767 910 memoriae·
780 840 1004 925 prodiderunt,
1039 855 1143 922 neque
1163 831 1347 900 mirandum

196 951 267 1034 erit,
291 950 319 1018 si
341 955 472 1036 praeter
495 953 563 1034 hos,
587 971 668 1036 quos
692 950 836 1035 cognitos
859 946 1034 1029 habemus,
1065 942 1267 1012 41144141444
1291 939 1338 1006 di·

198 1059 309 1142 cimus,
333 1069 469 1144 quorum
492 1079 533 1125 44
554 1079 671 1126 nomen
694 1057 824 1144 quidem
847 1060 964 1123 exstat.

283 1167 347 1235 Sed
369 1168 527 1235 accedunt
562 1168 637 1234 alia.
687 1168 878 1234 videramus
913 1185 1029 1250 supra,
1062 1160 1247 1230 1444444414
1280 1180 1346 1245 quo

197 1274 342 1364 4414444,
365 1278 507 1362 incipere
530 1300 549 1344 a
577 1277 741 1362 Scipionis
757 1265 1018 1361 expeditionem
1041 1263 1232 1358 Hispaniam
1254 1269 1347 1336 4411

195 1388 258 1454 4141
292 1386 434 1475 ejusdem
470 1387 714 1472 expeditione
705 1384 903 1453 malfridam
935 1386 1080 1450 narrata.
1135 1380 1250 1464 Itaque
1281 1399 1346 1444 uon

195 1501 246 1564 444
247 1518 301 1562 um
324 1495 446 1564 bellum
469 1516 574 1582 neque
597 1517 650 1562 res
673 1496 706 1561 in
729 1494 824 1561 ltalia
847 1515 902 1579 ges
904 1497 977 1574 444,
1008 1488 1176 1576 amplexus
1198 1493 1265 1572 est,
1287 1486 1344 1555 sed

195 1610 321 1691 partem
344 1604 486 1690 aliquam
508 1605 604 1688 belli,
628 1627 711 1692 quae
741 1604 784 1671 ad
813 1603 996 1688 Scipionem
1018 1599 1246 1668 Africanum
1237 1619 1343 1684 ipsum

195 1714 347 1799 pertinet.
393 1712 486 1792 Quod
509 1712 632 1798 optime
662 1713 813 1799 congruit
844 1733 916 1778 cum
938 1711 1002 1792 iis,
1036 1729 1120 1795 quae
1147 1707 1188 1775 de
1216 1705 1345 1791 Polybii

195 1822 338 1890 lontibus
372 1822 501 1907 cognita
538 1821 705 1888 babemus.
759 1821 862 1906 Saepe
892 1820 977 1886 enim
1006 1817 1160 1904 Polybius
1193 1818 1341 1902 queritur

198 1930 297 2020 (XVI,
324 1932 379 2020 14)
401 1929 489 2016 quod
511 1930 659 2016 plerique
682 1931 859 2016 scriptores
881 1929 961 1995 nihil
985 1928 1048 1995 nisi
1059 1931 1188 2013 partem
1204 1925 1348 2010 aliquam

195 2039 273 2108 belli
306 2037 509 2107 conscribere
537 2039 599 2106 sibi
626 2044 812 2125 proponant
841 2035 889 2122 (οἳ
921 2037 1002 2102 κατὰ
1028 2038 1127 2122 μέρος
1152 2035 1345 2121 γράφοντες)

198 2130 351 2234 dicitque,
374 2169 409 2217 se
431 2153 581 2234 primum,
604 2168 690 2234 quac
712 2146 862 2215 omnibus
883 2147 917 2213 in
939 2145 1035 2212 terris
1056 2148 1149 2230 gesta
1169 2143 1245 2226 sint,
1256 2163 1342 2208 com·

196 2257 405 2344 prehendere.
450 2257 523 2338 (cfr.
546 2256 690 2340 Nitzsch,
712 2278 794 2324 mus.
816 2255 906 2323 rhen.
928 2253 1036 2341 XXIII
1054 2255 1192 2343 4606).
1236 2253 1343 2339 Atque

196 2366 280 2450 VIII,
305 2371 343 2448 4,
376 2369 396 2432 3
418 2366 547 2450 4444144
577 2370 807 2434 commemorat
835 2365 1005 2433 historiam
1039 2362 1253 2448 expeditionis
1280 2361 1345 2428 Rc·

195 2496 310 2544 manae
332 2476 367 2542 in
388 2473 581 2561 Hispaniam
603 2482 662 2542 aut
684 2476 718 2542 14
749 2474 908 2558 Siciliam3
935 2473 993 2540 cir.
1016 2473 1103 2556 VIII,
1138 2478 1176 2555 4,
1207 2476 1226 2537 3
1254 2477 1287 2538 et
1310 2477 1341 2553 4,

197 2589 238 2668 53
261 2589 292 2668 4,
315 2589 347 2654 8.
392 2585 465 2652 Η44
486 2584 587 2670 igitur
609 2589 721 2669 partes
743 2583 821 2653 belli
839 2584 1017 2669 separatim
1031 2587 1125 2649 erant
1136 2582 1345 2668 perscriptae,

195 2699 271 2762 4444
293 2693 479 2780 Polybium3
513 2697 613 2779 atque
636 2693 704 2759 sine
728 2691 826 2759 dubio
849 2693 892 2758 ab
914 2691 1106 2777 aequalibus
1135 2688 1225 2773 belli;
1254 2689 1340 2756 unde

195 2803 352 2887 sequitur,
376 2809 502 2869 ceteras
523 2821 652 2888 quoque
674 2806 797 2887 partes,
819 2803 853 2868 in
876 2822 956 2887 quas
980 2800 1100 2868 bellum
1122 2800 1273 2886 punicum
1299 2800 1345 2864 di·

195 2910 334 2992 rimitur,
367 2909 554 2994 singillatim
586 2911 731 2996 potuisse
766 2911 958 2978 enarratari.
1011 2909 1152 2976 Maxime
1180 2930 1257 2977 rero
1294 2930 1348 2976 res

196 3018 326 3085 Africae
348 3024 382 3086 et
402 3019 600 3106 Hispaniae,
636 3041 706 3086 cum
730 3020 771 3087 ad
794 3043 893 3087 unum
922 3020 1101 3106 Scipionem
1133 3015 1343 3104 pertinerent,

200 3132 295 3212 44444
318 3131 421 3210 erant,
445 3147 528 3212 quae
550 3148 614 3194 uno
627 3126 787 3224 volumine
802 3131 990 3216 conjunctae
1005 3132 1245 3195 enarrarentur.
1282 3128 1347 3195 Sed

196 3241 270 3302 utut
293 3235 353 3302 hoc
376 3242 443 3319 est;
464 3234 616 3323 Polybius
638 3234 760 3304 nullius
783 3236 860 3323 iere,
881 3237 943 3304 nisi
965 3239 1029 3301 cdv
1050 3238 1132 3301 acad
1147 3239 1245 3325 μέρος
1264 3259 1344 3322 γρα-

197 3345 328 3432 φόντων
350 3345 500 3412 1144144
464 3346 512 3412 441
534 3345 651 3432 444414,
675 3347 762 3432 quod
785 3368 858 3413 eum
879 3347 1002 3429 fecisse,
1025 3351 1060 3414 44
1081 3347 1182 3413 mirus
1203 3347 1347 3414 4114444

197 3475 311 3522 sensus
334 3475 405 3522 curn
430 3453 556 3522 Livio
543 3477 578 3520 aa
596 3461 695 3538 purte
718 3454 829 3586 aliqua
851 3453 928 3561 belli
950 3455 1060 3540 punici
1081 3460 1114 3522 et
1136 3455 1197 3522 loci
1220 3454 1304 3537 VIII,
1322 3460 1342 3520 4

195 3561 417 3648 comprobent.
528 3597 530 3603 ·
1411 3650 1412 3653 Ἴ

286 3671 350 3738 Sed
371 3671 473 3738 hie
449 3693 517 3738 4444
550 3671 649 3740 dubio
680 3672 742 3739 erit
774 3672 1132 3742 consistentundumet
1162 3675 1210 3740 ult
1196 3680 1250 3741 tra
1270 3697 1345 3760 pro·
1411 3666 1412 3671 ’

196 3781 287 3868 gredi
320 3786 407 3849 esset
434 3803 578 3848 summae
608 3782 775 3852 audaciae.
827 3783 951 3851 Nomen
981 3785 1068 3852 enim
1103 3786 1269 3872 scriptoris
1302 3806 1344 3851 ne

195 3889 403 3974 conjectando
426 3891 558 3976 quidem
581 3892 712 3977 assequi
733 3913 926 3978 possumua;
948 3915 1014 3961 non
1025 3895 1139 3980 magis,
1162 3917 1258 3982 quam
1273 3900 1342 3983 ejus

194 4020 320 4082 nomeu,
344 4021 438 4086 quem
460 4001 497 4066 Ρ.
513 4001 604 4085 VIII,
619 4007 640 4068 4
653 4001 693 4069 de
705 4003 802 4070 rebus
813 4003 991 4090 Hispaniae
1005 4005 1175 4090 scripsisse
1186 4005 1341 4074 ridemus.

194 4107 324 4193 Itaque,
354 4114 391 4174 44
413 4109 554 4177 breviter
582 4110 910 4197 comprehendamus,
947 4134 1031 4198 quae
1066 4135 1166 4199 supra
1196 4117 1343 4200 exposita

196 4223 288 4301 sunt,
311 4217 346 4284 id
368 4219 431 4285 erit
453 4218 638 4288 dicendum:
669 4221 902 4308 Expeditiones
925 4221 1095 4310 Scipionis,
1117 4223 1230 4316 quales
1252 4225 1339 4320 apud
