2842 4642
693 36 733 98 18

145 219 201 265 nes
224 201 415 285 scriptores,
438 202 493 287 qui
516 203 650 271 eaedem
673 225 724 272 ree
745 211 898 287 nument,
920 205 1075 273 nonnulla
1096 227 1286 293 congruam
1406 248 1407 263 1

146 306 204 372 sed
238 306 299 376 boo
332 310 393 374 uisi
424 308 584 378 nonnullis
606 312 830 379 occasionibus
851 333 931 380 easu
954 313 1093 399 quodam
1115 335 1180 381 non
1200 317 1287 382 inre·

144 415 269 498 nietur;
292 416 341 484 sin
364 422 471 483 autem
495 418 701 504 perlongum
725 422 867 504 capitum
889 424 1005 488 seriem
1027 421 1162 489 eandem
1179 423 1287 489 simili·

142 521 308 604 tudinem,
331 528 535 610 conjunctam
557 547 629 592 oum
651 527 814 595 nonnullis
839 528 1066 616 dismepantiis
1099 530 1287 611 invenimus,

143 650 207 697 uon
233 631 463 713 dubitabimus,
487 655 684 716 communem
708 633 832 703 fontem
854 637 924 704 eois
945 639 995 705 rei
1017 659 1147 705 eausam
1170 639 1288 720 diotre,
1407 656 1408 723 ξ

142 758 207 824 quo
228 743 362 823 uterque
383 761 442 806 suo
463 742 560 808 modo
581 763 658 810 usus
681 749 740 810 est.
1401 813 1409 837 ,

230 843 294 912 Res
316 867 403 913 anno
426 851 490 913 208
511 849 545 915 in
559 848 720 934 Hispania
735 850 1048 936 gestasPolybiusin
1063 852 1147 918 libro
1167 852 1199 918 X
1212 873 1295 923 nara
1408 862 1410 877 ²

142 952 235 1034 runt,
259 957 349 1039 eujus
371 955 566 1022 narrationis
582 957 712 1042 integra¹
730 963 861 1024 exstant
882 959 993 1043 capita
1016 961 1156 1046 30—403
1177 958 1288 1026 Livius
1408 1026 1409 1077 p

142 1059 393 1128 eademinlibro
407 1059 537 1144 XXVII,
555 1065 693 1130 17-20.
737 1064 828 1143 Quae
850 1066 937 1150 apud
958 1064 1127 1151 Polybium
1146 1066 1287 1150 largius,
1408 1086 1409 1123 ι

142 1167 229 1254 apud
250 1168 375 1236 Livium
394 1169 524 1238 brevius
552 1174 699 1258 exposita
720 1173 864 1261 suntffl),
887 1195 928 1241 ea
952 1195 1015 1240 non
1038 1174 1188 1255 afferam,
1210 1173 1289 1256 quia

141 1275 235 1342 facile
280 1276 398 1361 aliquis
428 1278 535 1346 dicere
566 1281 679 1363 possit,
703 1301 724 1346 a
744 1280 833 1346 Livio
856 1299 928 1344 esse
950 1280 1090 1363 omissa;
1121 1297 1225 1360 neque
1251 1279 1286 1343 id

141 1405 301 1469 moneam,
323 1385 449 1481 Livium
461 1385 591 1469 XXVII,
615 1392 664 1468 17,
685 1394 704 1452 ‘l
727 1408 792 1452 uon
821 1405 971 1466 nauare,
996 1384 1084 1471 quod
1115 1383 1284 1470 Polybium

141 1491 181 1573 X,
199 1496 250 1574 38,
275 1496 311 1573 3;
345 1492 526 1576 Scipionem
549 1492 591 1559 ab
613 1493 768 1582 Hispanis
791 1513 862 1559 esse
890 1513 999 1577 regem
1020 1491 1216 1577 appellatum
1225 1489 1284 1575 ιτ);

141 1597 198 1668 aed
221 1619 360 1684 pugnam
390 1599 476 1683 apud
509 1597 681 1665 Baeculam
704 1597 825 1665 iactam
848 1599 988 1666 breviter
1008 1598 1211 1684 comparabo.

230 1725 354 1795 Narrat
386 1728 486 1813 igitur
514 1726 684 1813 ΡΟῙΥΒῘΠΒ,
706 1728 804 1794 datas
827 1727 1142 1814 Carthaginiensium
1173 1727 1285 1795 etiam·
1410 1686 1411 1715 ἶ

142 1842 210 1902 tum
243 1835 408 1903 di⁸⁰⁰rd⁰⁸
439 1835 548 1902 fuiss&
592 1835 632 1917 X,
657 1840 709 1920 37,
734 1840 764 1900 2·
808 1835 917 1913 Quare
940 1835 1188 1920 Hasdrubalem,
1211 1857 1283 1901 cum

142 1965 201 2030 per
231 1966 266 2010 se
296 1965 360 2010 non
387 1943 467 2011 satis
499 1943 614 2009 virium
646 1943 688 2010 ad
711 1943 902 2010 ducendum
931 1945 1088 2027 baberet,
1116 1943 1285 2010 comedim
1411 2006 1412 2039 3

142 2051 283 2135 cepisse,
314 2072 386 2117 cum
420 2051 562 2116 exercitu
589 2050 624 2115 in
652 2050 781 2117 Italiam
813 2050 1052 2135 proficiscendi,
1087 2057 1185 2135 atque
1210 2050 1284 2116 ideo
1411 2064 1412 2073 ’

145 2159 261 2224 castris
286 2156 489 2224 communitis
500 2155 682 2241 Scipionem
693 2159 939 2241 exspectavisse.
981 2157 1022 2241 X,
1042 2160 1093 2240 37,
1116 2163 1146 2224 4.
1170 2156 1286 2224 (lustra

145 2265 262 2332 deinde
292 2275 443 2332 accurate
477 2266 717 2335 deseribuntur:
736 2266 781 2347 X,
816 2271 877 2349 38,
912 2272 1006 2334 7-8.
1048 2265 1155 2355 Scipio
1186 2266 1285 2352 igitur

144 2397 215 2440 oum
250 2373 452 2456 advenisset,
483 2395 542 2459 per
575 2373 708 2442 biduum
740 2376 869 2460 quietus
901 2375 1003 2456 sedit,
1037 2375 1284 2441 munitissimum
1412 2372 1413 2375 ’

143 2481 248 2548 lotum
274 2502 338 2548 non
360 2481 493 2566 aggredi
515 2502 625 2562 ausus,
648 2481 761 2564 donee,
784 2504 824 2548 ne
847 2482 889 2549 ab
910 2481 984 2549 aliie
1006 2482 1140 2548 dacibus
1161 2480 1285 2548 Poeno-

146 2610 219 2656 rum
242 2589 542 2672 circumveniretur,
562 2589 722 2673 proelium
745 2589 913 2656 commisit.
942 2589 983 2670 X,
1006 2593 1058 2670 38,
1082 2592 1199 2654 9-10.
1221 2587 1285 2652 Le·

149 2695 300 2780 gionibus
322 2696 421 2780 igitur
442 2697 528 2761 intra
548 2703 757 2761 monumenta
777 2695 930 2771 retentis,
962 2715 1089 2761 omnem
1109 2695 1211 2760 leuem
1232 2713 1284 2760 ar·

146 2809 309 2870 maturam
331 2804 450 2885 emisit,
470 2823 553 2888 quae
575 2802 714 2869 frontem
736 2812 927 2883 castrorum,
949 2800 1285 2889 quaeinexpugnabi-

145 2913 186 2978 lis
207 2911 386 2992 videbatur,
409 2911 649 2996 aggrederetur.
691 2909 733 2991 X,
756 2913 809 2993 39,
833 2913 929 2980 1-3.
971 2910 1009 2976 ln
1031 2930 1129 2996 quam
1143 2931 1286 2995 pugnam

146 3019 264 3086 intenti
285 3040 357 3086 oum
380 3018 490 3085 hostes
519 3021 648 3103 segnius
670 3020 780 3102 copias
813 3022 930 3085 caenis
960 3017 1151 3098 educerent,
1176 3017 1285 3101 Scipio

145 3129 188 3193 ad
210 3128 346 3208 laevam,
367 3127 496 3193 Laelius
519 3127 560 3193 ad
584 3127 734 3192 dextram
754 3127 935 3211 legionibus
956 3126 1181 3192 circumductis
1210 3146 1283 3192 net·

147 3237 338 3320 opinantes,
361 3237 416 3319 qni
438 3237 540 3302 aoiem
562 3237 704 3301 nondum
727 3235 933 3314 direxerant,
956 3253 977 3298 a
998 3233 1153 3300 lateribus
1173 3252 1286 3316 aggre·

147 3344 291 3413 diuntur.
335 3343 375 3424 X,
399 3347 451 3425 39,
477 3346 572 3408 3-6.
616 3342 667 3408 Illi
686 3349 796 3408 autem
818 3339 977 3424 extemplo
990 3360 1063 3405 oum
1082 3336 1286 3406 Hasdrubale

146 3455 180 3520 in
206 3449 315 3536 fugam
336 3450 559 3531 sedederunt,
582 3456 681 3534 atque
709 3472 781 3515 eum
804 3470 862 3532 per
884 3446 1051 3514 obstantes
1077 3445 1189 3514 velites
1220 3469 1284 3514 non

149 3579 268 3644 magno
298 3558 492 3624 detrimento
521 3557 715 3637 evasissent,
736 3555 915 3640 maneos
944 3552 1116 3637 petierunt.
1170 3554 1285 3639 ltaque

147 3689 232 3752 quae
254 3665 438 3732 Hasdrubal
461 3665 523 3732 sibi
544 3667 769 3749 proposuerat,
790 3662 857 3729 fere
879 3666 973 3729 erum
993 3659 1092 3727 faeta.
1116 3697 1157 3710 -

221 3926 267 3995 16)
284 3925 378 3982 Ianus
395 3925 509 3997 xxvss,
529 3929 562 3981 17
580 3925 665 3982 babet
682 3925 797 3998 largius,
813 3941 896 3996 quarn
904 3923 965 3980 Pol.
974 3922 1010 3988 X,
1020 3924 1072 3991 at,
1089 3919 1163 3976 idam
1173 3917 1287 3988 XXVII,

152 4023 185 4075 18
204 4019 317 4089 largius,
333 4036 417 4089 quam
434 4017 465 4074 P.
483 4019 518 4089 X,
535 4022 581 4076 39.

146 4107 418 4251 xxviplbdbbim
445 4109 564 4166 similem
587 4126 645 4166 ram
674 4108 717 4166 bis
734 4107 829 4174 tradit,
856 4108 891 4179 X,
908 4107 944 4164 38
961 4110 991 4162 et
1012 4107 1065 4174 ro,
1081 4101 1174 4159 Liuius
1191 4098 1286 4156 umal

250 4231 258 4260 i
314 4235 320 4260 1
358 4237 365 4252 ·
