2842 4642
732 4 841 68 67x

264 173 404 242 Maxime
426 196 518 259 vero,
542 196 625 261 quae
647 175 684 241 L.
693 175 803 258 XXX,
830 179 955 244 12-15
975 177 1020 244 de
1043 199 1154 247 amore
1177 183 1211 246 et
1221 185 1329 248 morte

179 285 383 371 Sophonibae
406 291 628 369 exponuntur,
651 285 715 352 huc
735 288 916 373 pertinent;
938 308 1021 374 quae
1044 311 1108 358 non
1137 290 1170 355 in
1198 289 1326 375 publico

179 403 254 463 acta
276 417 365 477 esse,
388 395 444 462 sed
469 395 601 462 arbitris
624 398 776 481 remotis,
799 419 871 465 cum
893 419 952 484 per
975 421 1010 466 se
1032 399 1235 485 intelligitur,
1258 406 1327 467 tum

180 526 206 572 c.
232 507 282 572 14.
306 505 478 572 indicatur.
523 506 639 592 ltaque
662 527 734 572 cum
764 528 816 573 res
838 528 899 592 per
926 529 961 575 se
990 507 1190 592 postularet,
1221 514 1258 575 ut
1286 510 1328 575 si·

178 612 278 681 lentio
307 615 556 700 praeteritetur,
588 613 618 681 is
651 612 721 681 sine
744 614 852 698 dubio,
887 616 943 700 qui
976 638 1047 684 cam
1079 623 1147 683 tam
1177 623 1328 683 accurate

179 743 336 808 exponere
358 724 476 810 potuit,
498 724 532 790 in
555 723 671 790 castris
695 723 852 811 Scipionis
875 732 932 791 aut
954 727 1024 810 ipse
1046 726 1118 808 fuit,
1140 733 1198 795 aut
1216 749 1327 798 corum

179 834 389 918 testimoniis,
421 834 477 919 qui
509 834 657 902 omnibus
686 833 737 902 his
770 835 868 903 rebus
895 835 1130 922 interfuerunt,
1158 861 1236 906 usus
1268 848 1328 909 est.

179 942 236 1014 cfr.
259 944 377 1026 XXIX,
401 965 429 1010 c.
452 949 505 1028 29,
529 948 621 1014 h-c.
646 949 698 1014 33.
743 945 854 1032 Polyb.
877 945 934 1030 IX,
958 951 1010 1012 25.

264 1053 418 1141 Polybius
442 1059 556 1122 contra
579 1055 708 1139 saepius
732 1048 773 1121 de
795 1076 834 1122 ca
855 1057 982 1123 ratione
1003 1057 1168 1143 loquitur,
1193 1081 1258 1145 qua
1279 1058 1326 1126 hi·

178 1163 312 1230 storiam
336 1164 496 1231 conscribi
518 1169 677 1250 oporteat.
723 1165 814 1232 Dicit
835 1165 935 1250 igitur
962 1166 1042 1248 XII,
1081 1171 1122 1232 27
1158 1169 1222 1234 tria
1245 1190 1327 1253 opus

178 1293 265 1342 esse:
286 1274 445 1342 rationem
468 1272 525 1340 δια
546 1279 599 1362 τῆς
621 1273 829 1360 ὁρασοωςοοο
845 1275 1072 1362 cognoscendi3
1095 1275 1202 1359 idest,
1220 1279 1328 1364 ipsum

177 1379 218 1446 iis
250 1378 455 1462 interfuisse3
490 1378 642 1450 alteram:
682 1380 726 1446 δι’
757 1379 957 1464 ἀνακρίσεως
984 1382 1151 1450 historiam
1185 1386 1322 1450 conscri-

176 1488 285 1571 bendi,
308 1488 342 1555 id
366 1495 429 1556 est:
451 1496 735 1574 percunctantem
762 1491 894 1559 tertiam
917 1490 1048 1557 ereum
1073 1491 1322 1581 ὑπομνημάτων,

178 1596 314 1664 aliorum
345 1599 591 1666 commentarios
616 1606 826 1685 sequentem
856 1607 955 1686 atquc
978 1600 1118 1687 optimus
1147 1601 1276 1687 quidem
1298 1603 1328 1672 is

178 1705 251 1787 erit,
276 1706 332 1791 qui
354 1705 436 1791 ipsis
457 1706 555 1773 rebus
578 1707 736 1776 interfuit.
781 1707 873 1786 Quod
897 1730 969 1775 cum
999 1730 1064 1776 non
1097 1731 1224 1796 semper
1257 1711 1327 1781 fieri

176 1813 288 1904 possit,
311 1817 429 1886 rationi
452 1817 507 1882 ora
524 1821 579 1904 τῆς
599 1815 742 1903 ὁράσεως
771 1818 854 1886 alias
888 1817 962 1886 illas
996 1816 1039 1883 δι’
1070 1816 1267 1906 ἀνακρίσεως
1296 1827 1330 1889 et

176 1926 232 1993 διὰ
263 1929 328 1992 τῶν
356 1925 597 2015 ὑπομνημάτων
633 1949 703 1994 csse
738 1927 970 2015 adjungendas.
1034 1928 1125 2007 Quod
1160 1928 1327 2016 Polybium

176 2057 273 2123 quam
296 2036 433 2104 maxime
455 2036 562 2105 Iacere
586 2037 761 2118 studuisse,
785 2057 826 2104 ex
847 2036 958 2103 multis
980 2036 1059 2105 locis
1074 2043 1191 2127 patet„
1220 2037 1325 2125 Saepe

177 2147 260 2215 enim
282 2147 352 2232 ipse
375 2146 472 2214 rebus
494 2146 643 2234 gereudIs
657 2147 818 2229 interluit,
845 2147 882 2216 P.
891 2146 971 2228 XII,
996 2151 1027 2226 5,
1053 2151 1148 2214 1-3‚
1171 2147 1226 2229 XI,
1243 2153 1324 2214 10-—

178 2257 227 2322 18.
251 2260 330 2337 etc.;
353 2274 451 2340 saepe
473 2254 571 2337 locos,
595 2254 776 2341 dequibus
799 2256 959 2340 agendum
983 2261 1065 2338 erat,
1080 2256 1150 2340 ipsc
1170 2257 1327 2340 visitavit3

177 2362 265 2448 quod
289 2384 362 2430 cum
383 2363 419 2429 in
440 2363 588 2430 omnibus
611 2363 710 2430 rebus
733 2371 783 2430 cst
805 2369 928 2446 notum,
961 2369 1031 2430 tum
1053 2363 1093 2430 dc
1115 2363 1276 2450 Hispania
1293 2373 1327 2432 et

175 2471 289 2541 Airicc
311 2480 458 2559 apparet.
484 2473 542 2540 cfr.
564 2472 653 2556 P.X,
669 2476 753 2556 11,4
775 2473 815 2540 de
828 2473 893 2542 situ
908 2471 1115 2560 Carthaginis
1140 2495 1258 2542 novae:
1286 2473 1326 2540 ort

172 2583 236 2669 γὰρ
258 2582 417 2671 ἔξοῖκοῇς,
431 2581 504 2650 snt
525 2581 680 2650 αὐτόπται
702 2583 865 2665 γεγονότες
887 2589 949 2650 etc.
970 2585 1066 2652 etiam
1081 2584 1221 2652 Plinium
1239 2584 1325 2668 VIII,

178 2695 227 2774 16,
255 2691 361 2759 leubi
373 2691 526 2778 Polybius
548 2692 720 2762 Aemiliani
742 2712 851 2760 comes
862 2693 897 2759 in
911 2692 1052 2760 hhicam
1064 2692 1164 2761 luisse
1173 2695 1327 2764 traditur.

157 2800 268 2868 ⁴Haec
289 2801 388 2885 igitur
411 2801 466 2866 διὰ
488 2805 542 2889 τῆς
564 2800 708 2889 ὁράσεως
728 2803 896 2887 comperit,
919 2803 1086 2870 sedetiam
1102 2802 1146 2868 δι’
1162 2804 1325 2880 ἀκούσεως

177 2929 249 2974 eum
272 2910 373 2976 multa
393 2911 557 2995 accepisse
579 2916 721 2979 constat:
742 2911 778 2976 P.
787 2911 828 2992 X,
853 2916 884 2994 3,
907 2915 926 2976 2
950 2916 1025 2978 ante
1048 2933 1159 2980 omnes
1180 2912 1325 2980 Laelium

174 3017 331 3100 nominat,
354 3016 410 3082 διὰ
433 3021 466 3084 τὸ
491 3016 600 3084 constr
620 3019 736 3085 οἰκότα
758 3019 862 3100 λέγειν
889 3024 922 3086 et
951 3021 1019 3103 IX,
1047 3025 1108 3102 25,
1140 3025 1159 3086 3
1181 3027 1324 3088 Μασσα-

173 3125 296 3192 κτίστου
323 3125 550 3216 ἀκριβέστερον
579 3128 754 3216 trisonem
783 3130 871 3217 qnod
899 3130 985 3216 apud
1017 3131 1224 3216 scriptorem,
1252 3153 1323 3198 cum
1413 3212 1414 3215 Ἴ

173 3237 306 3304 summis
328 3236 404 3304 viris
429 3239 637 3323 conjunctum
661 3257 721 3322 per
743 3259 777 3304 se
799 3238 1001 3325 intelligitur.

262 3341 325 3410 Sed
348 3342 447 3410 etiam
471 3342 526 3407 διὰ
548 3345 612 3408 τῶν
634 3340 875 3430 ὑπομνημάτων
898 3345 1047 3430 scripsit,
1068 3345 1102 3411 id
1132 3344 1219 3430 quod
1252 3367 1325 3412 cum

175 3473 214 3518 ex
236 3451 346 3520 multis
373 3451 444 3518 aliis
467 3450 557 3532 locis,
582 3457 651 3518 tum
674 3473 714 3519 ex
725 3453 762 3522 P.
773 3452 814 3535 X,
828 3457 889 3535 9,3
913 3461 1059 3540 apparet,
1071 3453 1127 3520 ubi
1142 3454 1325 3541 aequalium
1413 3444 1414 3485 ³

175 3560 371 3642 testimonia,
395 3560 464 3628 sine
486 3560 585 3628 dubio
608 3563 742 3648 scripta,
765 3567 799 3628 et
826 3562 998 3647 epistolam
1028 3561 1186 3647 Scipionis
1209 3563 1251 3630 ad
1272 3583 1324 3628 re-

175 3691 247 3754 gem
269 3668 453 3754 Philippum
477 3676 719 3751 commemorat,
742 3671 774 3737 in
805 3691 869 3756 quo
897 3672 1005 3757 Scipio
1036 3677 1245 3757 exposuerat:
1275 3672 1322 3738 ὅτι

171 3778 287 3854 τούτοις
307 3787 374 3854 τοῖς
393 3777 593 3862 ἕκλομκσμοϊς
609 3779 775 3868 ἐχρήσατο,
798 3778 845 3855 οἷς
866 3779 959 3866 ἡμεῖς
990 3777 1152 3865 ἀνώτερον
1181 3781 1321 3862 ἐξελομ-

171 3888 316 3972 σοίμεθα.
361 3887 451 3954 Ηοοο
474 3889 583 3974 igitur,
607 3911 692 3974 queo
713 3889 867 3977 Polybius
889 3891 958 3976 ipse
980 3891 1151 3975 audiendo,
1175 3891 1321 3977 videndo,

170 3996 304 4084 legendo
343 3998 592 4085 conquisiverat,
631 4000 719 4084 apud
751 4000 879 4066 Livium
910 4000 1052 4084 desunt3
1086 4006 1195 4068 cetera
1235 4002 1321 4086 apud

91 4126 94 4132 ·
170 4113 342 4192 utrumque
364 4105 432 4173 lere
455 4106 674 4189 consentiunt,
697 4106 794 4187 unde,
818 4108 847 4175 si
870 4107 952 4175 nulli
975 4107 1030 4175 alii
1054 4109 1101 4175 rei
1124 4108 1320 4191 credis,cer·

172 4215 294 4284 tissime
317 4219 464 4302 apparet,
487 4217 527 4284 iis
548 4238 748 4285 communem
765 4217 861 4286 fuisse
877 4218 1009 4286 fontem.
1055 4218 1206 4305 Polybius
1228 4220 1312 4288 enim

985 4355 1035 4422 5*
