<?xml version="1.0" encoding="UTF-8"?>
<!DOCTYPE html PUBLIC "-//W3C//DTD XHTML 1.0 Transitional//EN"
    "http://www.w3.org/TR/xhtml1/DTD/xhtml1-transitional.dtd">
<html xmlns="http://www.w3.org/1999/xhtml" xml:lang="en" lang="en">
 <head>
  <title>
</title>
<meta http-equiv="Content-Type" content="text/html;charset=utf-8" />
  <meta name='ocr-system' content='tesseract 3.04.00' />
  <meta name='ocr-capabilities' content='ocr_page ocr_carea ocr_par ocr_line ocrx_word'/>
</head>
<body>
  <div class='ocr_page' id='page_1' title='image "./liviusetpolybiu03friegoog_0043.png"; bbox 0 0 2842 4642; ppageno 0'>
   <div class='ocr_carea' id='block_1_1' title="bbox 717 37 756 98">
    <p class='ocr_par' dir='ltr' id='par_1_1' title="bbox 717 37 756 98">
     <span class='ocr_line' id='line_1_1' title="bbox 717 37 756 98; baseline 0.026 -1"><span class='ocrx_word' id='word_1_1' title='bbox 717 37 756 98; x_wconf 82' lang='lat'><strong>39</strong></span> 
     </span>
    </p>
   </div>
   <div class='ocr_carea' id='block_1_2' title="bbox 166 232 1310 641">
    <p class='ocr_par' dir='ltr' id='par_1_2' title="bbox 166 232 1310 641">
     <span class='ocr_line' id='line_1_2' title="bbox 166 232 1309 319; baseline -0.001 -17"><span class='ocrx_word' id='word_1_2' title='bbox 166 241 237 302; x_wconf 82' lang='lat' dir='ltr'><strong>tota</strong></span> <span class='ocrx_word' id='word_1_3' title='bbox 259 255 310 300; x_wconf 88' lang='lat' dir='ltr'><strong>res</strong></span> <span class='ocrx_word' id='word_1_4' title='bbox 332 253 431 319; x_wconf 84' lang='lat' dir='ltr'><strong>quam</strong></span> <span class='ocrx_word' id='word_1_5' title='bbox 454 232 568 299; x_wconf 89' lang='lat' dir='ltr'><strong>debilis</strong></span> <span class='ocrx_word' id='word_1_6' title='bbox 592 234 645 314; x_wconf 87' lang='lat' dir='ltr'><strong>sit,</strong></span> <span class='ocrx_word' id='word_1_7' title='bbox 671 233 854 300; x_wconf 84' lang='lat' dir='ltr'><strong>Diintzerus</strong></span> <span class='ocrx_word' id='word_1_8' title='bbox 877 235 1061 318; x_wconf 87' lang='lat' dir='ltr'><strong>nuperrime</strong></span> <span class='ocrx_word' id='word_1_9' title='bbox 1086 233 1309 302; x_wconf 84' lang='lat' dir='ltr'><strong>demonstrare</strong></span> 
     </span>
     <span class='ocr_line' id='line_1_3' title="bbox 166 339 1308 434; baseline 0.002 -28"><span class='ocrx_word' id='word_1_10' title='bbox 166 341 301 407; x_wconf 76' lang='lat' dir='ltr'><strong>studuit.</strong></span> <span class='ocrx_word' id='word_1_11' title='bbox 335 341 408 428; x_wconf 84' lang='lat' dir='ltr'><strong>(cir.</strong></span> <span class='ocrx_word' id='word_1_12' title='bbox 441 339 634 425; x_wconf 83' lang='lat' dir='ltr'>Philologus.</span> <span class='ocrx_word' id='word_1_13' title='bbox 668 339 821 422; x_wconf 84' lang='lat' dir='ltr'>XXVIII,</span> <span class='ocrx_word' id='word_1_14' title='bbox 885 362 916 425; x_wconf 89' lang='lat' dir='ltr'><strong>p.</strong></span> <span class='ocrx_word' id='word_1_15' title='bbox 941 345 1005 406; x_wconf 88' lang='grc'><strong>230</strong></span> <span class='ocrx_word' id='word_1_16' title='bbox 1039 339 1087 426; x_wconf 89' lang='lat' dir='ltr'><strong>ff.)</strong></span> <span class='ocrx_word' id='word_1_17' title='bbox 1128 340 1230 434; x_wconf 68' lang='lat' dir='ltr'><strong>⁸Setis</strong></span> <span class='ocrx_word' id='word_1_18' title='bbox 1265 345 1308 408; x_wconf 91' lang='lat' dir='ltr'><strong>sit</strong></span> 
     </span>
     <span class='ocr_line' id='line_1_4' title="bbox 167 448 1310 535; baseline 0.002 -21"><span class='ocrx_word' id='word_1_19' title='bbox 167 449 303 528; x_wconf 81' lang='lat' dir='ltr'><strong>dixisse,</strong></span> <span class='ocrx_word' id='word_1_20' title='bbox 339 449 423 514; x_wconf 91' lang='lat' dir='ltr'><strong>hnnc</strong></span> <span class='ocrx_word' id='word_1_21' title='bbox 444 448 549 514; x_wconf 89' lang='lat' dir='ltr'><strong>Iocum</strong></span> <span class='ocrx_word' id='word_1_22' title='bbox 571 450 697 532; x_wconf 84' lang='lat' dir='ltr'><strong>poetica</strong></span> <span class='ocrx_word' id='word_1_23' title='bbox 729 449 869 533; x_wconf 86' lang='lat' dir='ltr'><strong>quadam</strong></span> <span class='ocrx_word' id='word_1_24' title='bbox 890 450 1017 516; x_wconf 84' lang='lat' dir='ltr'><strong>ratione</strong></span> <span class='ocrx_word' id='word_1_25' title='bbox 1052 469 1122 516; x_wconf 91' lang='lat' dir='ltr'><strong>esse</strong></span> <span class='ocrx_word' id='word_1_26' title='bbox 1151 452 1310 535; x_wconf 89' lang='lat' dir='ltr'><strong>conscrip-</strong></span> 
     </span>
     <span class='ocr_line' id='line_1_5' title="bbox 167 556 932 641; baseline 0 -18"><span class='ocrx_word' id='word_1_27' title='bbox 167 564 247 638; x_wconf 88' lang='lat' dir='ltr'><strong>tum,</strong></span> <span class='ocrx_word' id='word_1_28' title='bbox 270 577 353 640; x_wconf 87' lang='lat' dir='ltr'><strong>qnae</strong></span> <span class='ocrx_word' id='word_1_29' title='bbox 378 556 463 623; x_wconf 92' lang='lat' dir='ltr'><strong>unde</strong></span> <span class='ocrx_word' id='word_1_30' title='bbox 486 562 559 622; x_wconf 84' lang='lat' dir='ltr'><strong>orte</strong></span> <span class='ocrx_word' id='word_1_31' title='bbox 583 558 635 639; x_wconf 87' lang='lat' dir='ltr'><strong>sit,</strong></span> <span class='ocrx_word' id='word_1_32' title='bbox 658 578 774 641; x_wconf 85' lang='lat' dir='ltr'><strong>perum</strong></span> <span class='ocrx_word' id='word_1_33' title='bbox 797 561 932 624; x_wconf 89' lang='lat' dir='ltr'><strong>constet.</strong></span> 
     </span>
    </p>
   </div>
   <div class='ocr_carea' id='block_1_3' title="bbox 164 750 1378 2347">
    <p class='ocr_par' dir='ltr' id='par_1_3' title="bbox 164 750 1378 2347">
     <span class='ocr_line' id='line_1_6' title="bbox 256 750 1310 836; baseline -0.001 -18"><span class='ocrx_word' id='word_1_34' title='bbox 256 751 319 818; x_wconf 85' lang='lat' dir='ltr'><strong>Sed</strong></span> <span class='ocrx_word' id='word_1_35' title='bbox 339 755 407 836; x_wconf 82' lang='lat' dir='ltr'><strong>jem</strong></span> <span class='ocrx_word' id='word_1_36' title='bbox 429 751 493 818; x_wconf 85' lang='lat' dir='ltr'><strong>erit</strong></span> <span class='ocrx_word' id='word_1_37' title='bbox 514 751 730 834; x_wconf 82' lang='lat' dir='ltr'><strong>indicandum,</strong></span> <span class='ocrx_word' id='word_1_38' title='bbox 753 772 859 836; x_wconf 84' lang='lat' dir='ltr'><strong>usque</strong></span> <span class='ocrx_word' id='word_1_39' title='bbox 877 752 921 818; x_wconf 85' lang='lat' dir='ltr'><strong>ed</strong></span> <span class='ocrx_word' id='word_1_40' title='bbox 942 773 1038 836; x_wconf 84' lang='lat' dir='ltr'><strong>quem</strong></span> <span class='ocrx_word' id='word_1_41' title='bbox 1059 751 1165 818; x_wconf 90' lang='lat' dir='ltr'><strong>Iocum</strong></span> <span class='ocrx_word' id='word_1_42' title='bbox 1175 751 1225 818; x_wconf 88' lang='lat' dir='ltr'><strong>hic</strong></span> <span class='ocrx_word' id='word_1_43' title='bbox 1238 750 1310 817; x_wconf 86' lang='lat' dir='ltr'><strong>fons</strong></span> 
     </span>
     <span class='ocr_line' id='line_1_7' title="bbox 168 860 1310 945; baseline 0.001 -20"><span class='ocrx_word' id='word_1_44' title='bbox 168 865 342 944; x_wconf 76' lang='lat' dir='ltr'><strong>usurpatus</strong></span> <span class='ocrx_word' id='word_1_45' title='bbox 365 861 418 926; x_wconf 89' lang='lat' dir='ltr'><strong>sit.</strong></span> <span class='ocrx_word' id='word_1_46' title='bbox 462 862 569 944; x_wconf 82' lang='lat' dir='ltr'><strong>Atque</strong></span> <span class='ocrx_word' id='word_1_47' title='bbox 592 861 685 928; x_wconf 90' lang='lat' dir='ltr'><strong>nobis</strong></span> <span class='ocrx_word' id='word_1_48' title='bbox 709 861 838 945; x_wconf 90' lang='lat' dir='ltr'><strong>quidem</strong></span> <span class='ocrx_word' id='word_1_49' title='bbox 861 881 926 926; x_wconf 91' lang='lat' dir='ltr'><strong>nou</strong></span> <span class='ocrx_word' id='word_1_50' title='bbox 947 860 1016 927; x_wconf 85' lang='lat' dir='ltr'><strong>sola</strong></span> <span class='ocrx_word' id='word_1_51' title='bbox 1037 861 1141 943; x_wconf 91' lang='lat' dir='ltr'><strong>ipsius</strong></span> <span class='ocrx_word' id='word_1_52' title='bbox 1155 863 1310 945; x_wconf 77' lang='lat' dir='ltr'><strong>trajectus</strong></span> 
     </span>
     <span class='ocr_line' id='line_1_8' title="bbox 169 966 1310 1053; baseline -0.003 -20"><span class='ocrx_word' id='word_1_53' title='bbox 169 967 357 1052; x_wconf 79' lang='lat' dir='ltr'><strong>descriptio,</strong></span> <span class='ocrx_word' id='word_1_54' title='bbox 380 967 439 1036; x_wconf 88' lang='lat' dir='ltr'><strong>sed</strong></span> <span class='ocrx_word' id='word_1_55' title='bbox 461 968 603 1035; x_wconf 76' lang='lat' dir='ltr'><strong>escensio</strong></span> <span class='ocrx_word' id='word_1_56' title='bbox 625 989 755 1053; x_wconf 89' lang='lat' dir='ltr'><strong>quoque</strong></span> <span class='ocrx_word' id='word_1_57' title='bbox 776 968 812 1032; x_wconf 92' lang='lat' dir='ltr'><strong>in</strong></span> <span class='ocrx_word' id='word_1_58' title='bbox 820 973 942 1034; x_wconf 80' lang='lat' dir='ltr'><strong>terram</strong></span> <span class='ocrx_word' id='word_1_59' title='bbox 953 967 990 1031; x_wconf 86' lang='lat' dir='ltr'><strong>L.</strong></span> <span class='ocrx_word' id='word_1_60' title='bbox 1002 966 1117 1046; x_wconf 81' lang='lat' dir='ltr'>XXIX,</span> <span class='ocrx_word' id='word_1_61' title='bbox 1137 969 1190 1046; x_wconf 88' lang='grc'><strong>28,</strong></span> <span class='ocrx_word' id='word_1_62' title='bbox 1205 969 1310 1032; x_wconf 88' lang='lat'>1-10</span> 
     </span>
     <span class='ocr_line' id='line_1_9' title="bbox 169 1073 1378 1160; baseline -0.003 -19"><span class='ocrx_word' id='word_1_63' title='bbox 169 1075 210 1141; x_wconf 84' lang='lat' dir='ltr'><strong>ed</strong></span> <span class='ocrx_word' id='word_1_64' title='bbox 234 1095 306 1142; x_wconf 89' lang='lat' dir='ltr'><strong>eum</strong></span> <span class='ocrx_word' id='word_1_65' title='bbox 329 1075 493 1160; x_wconf 86' lang='lat' dir='ltr'><strong>pertinere</strong></span> <span class='ocrx_word' id='word_1_66' title='bbox 515 1074 650 1141; x_wconf 86' lang='lat' dir='ltr'><strong>videtur.</strong></span> <span class='ocrx_word' id='word_1_67' title='bbox 694 1075 825 1141; x_wconf 81' lang='lat' dir='ltr'><strong>Etenim</strong></span> <span class='ocrx_word' id='word_1_68' title='bbox 846 1096 919 1141; x_wconf 88' lang='lat' dir='ltr'><strong>cnm</strong></span> <span class='ocrx_word' id='word_1_69' title='bbox 931 1073 1214 1159; x_wconf 70' lang='lat' dir='ltr'><strong>Carthaginienses</strong></span> <span class='ocrx_word' id='word_1_70' title='bbox 1243 1076 1312 1157; x_wconf 79' lang='lat' dir='ltr'><strong>jem</strong></span> <span class='ocrx_word' id='word_1_71' title='bbox 1376 1109 1378 1112; x_wconf 32' lang='grc' dir='ltr'><em>ν</em></span> 
     </span>
     <span class='ocr_line' id='line_1_10' title="bbox 169 1181 1311 1268; baseline -0.004 -18"><span class='ocrx_word' id='word_1_72' title='bbox 169 1182 507 1268; x_wconf 81' lang='lat' dir='ltr'><strong>antehiememoopias</strong></span> <span class='ocrx_word' id='word_1_73' title='bbox 515 1189 695 1266; x_wconf 70' lang='lat' dir='ltr'><strong>parassent,</strong></span> <span class='ocrx_word' id='word_1_74' title='bbox 704 1183 1006 1265; x_wconf 83' lang='lat' dir='ltr'><strong>L.XXIX,4,l·-7,</strong></span> <span class='ocrx_word' id='word_1_75' title='bbox 1015 1203 1151 1266; x_wconf 85' lang='lat' dir='ltr'><strong>cumque</strong></span> <span class='ocrx_word' id='word_1_76' title='bbox 1161 1181 1311 1246; x_wconf 75' lang='lat' dir='ltr'>LXXIX</span> 
     </span>
     <span class='ocr_line' id='line_1_11' title="bbox 170 1290 1311 1375; baseline -0.002 -19"><span class='ocrx_word' id='word_1_77' title='bbox 170 1295 248 1372; x_wconf 78' lang='lat'>23,1</span> <span class='ocrx_word' id='word_1_78' title='bbox 262 1296 371 1357; x_wconf 85' lang='lat' dir='ltr'><strong>turres</strong></span> <span class='ocrx_word' id='word_1_79' title='bbox 380 1297 413 1358; x_wconf 92' lang='lat' dir='ltr'><strong>et</strong></span> <span class='ocrx_word' id='word_1_80' title='bbox 423 1290 644 1374; x_wconf 87' lang='lat' dir='ltr'><strong>specnlstorcs</strong></span> <span class='ocrx_word' id='word_1_81' title='bbox 655 1291 742 1358; x_wconf 71' lang='lat' dir='ltr'><strong>oirm</strong></span> <span class='ocrx_word' id='word_1_82' title='bbox 756 1311 847 1358; x_wconf 84' lang='lat' dir='ltr'><strong>orem</strong></span> <span class='ocrx_word' id='word_1_83' title='bbox 855 1291 1099 1375; x_wconf 89' lang='lat' dir='ltr'><strong>disposuissent,</strong></span> <span class='ocrx_word' id='word_1_84' title='bbox 1110 1290 1225 1355; x_wconf 89' lang='lat' dir='ltr'><strong>mirum</strong></span> <span class='ocrx_word' id='word_1_85' title='bbox 1241 1309 1311 1355; x_wconf 90' lang='lat' dir='ltr'><strong>esse</strong></span> 
     </span>
     <span class='ocr_line' id='line_1_12' title="bbox 169 1396 1312 1483; baseline -0.003 -17"><span class='ocrx_word' id='word_1_86' title='bbox 169 1399 318 1482; x_wconf 78' lang='lat' dir='ltr'><strong>debebat,</strong></span> <span class='ocrx_word' id='word_1_87' title='bbox 327 1398 413 1483; x_wconf 88' lang='lat' dir='ltr'><strong>quod</strong></span> <span class='ocrx_word' id='word_1_88' title='bbox 421 1398 457 1464; x_wconf 86' lang='lat' dir='ltr'><strong>L.</strong></span> <span class='ocrx_word' id='word_1_89' title='bbox 465 1398 584 1482; x_wconf 90' lang='lat' dir='ltr'>XXIX,</span> <span class='ocrx_word' id='word_1_90' title='bbox 596 1403 650 1483; x_wconf 87' lang='grc'><strong>28,</strong></span> <span class='ocrx_word' id='word_1_91' title='bbox 665 1403 771 1464; x_wconf 86' lang='grc'><strong>1-10</strong></span> <span class='ocrx_word' id='word_1_92' title='bbox 780 1403 874 1466; x_wconf 75' lang='lat' dir='ltr'><strong>tento</strong></span> <span class='ocrx_word' id='word_1_93' title='bbox 881 1403 1007 1465; x_wconf 86' lang='lat' dir='ltr'><strong>terrore</strong></span> <span class='ocrx_word' id='word_1_94' title='bbox 1016 1397 1157 1482; x_wconf 89' lang='lat' dir='ltr'><strong>perculsi</strong></span> <span class='ocrx_word' id='word_1_95' title='bbox 1166 1396 1312 1463; x_wconf 81' lang='lat' dir='ltr'><strong>videreu-</strong></span> 
     </span>
     <span class='ocr_line' id='line_1_13' title="bbox 169 1505 1312 1593; baseline -0.003 -19"><span class='ocrx_word' id='word_1_96' title='bbox 169 1514 232 1575; x_wconf 91' lang='lat' dir='ltr'><strong>tur.</strong></span> <span class='ocrx_word' id='word_1_97' title='bbox 256 1506 518 1592; x_wconf 74' lang='lat' dir='ltr'><strong>speculatoribus</strong></span> <span class='ocrx_word' id='word_1_98' title='bbox 530 1507 614 1574; x_wconf 86' lang='lat' dir='ltr'><strong>enim</strong></span> <span class='ocrx_word' id='word_1_99' title='bbox 637 1507 802 1592; x_wconf 88' lang='lat' dir='ltr'><strong>dispositis</strong></span> <span class='ocrx_word' id='word_1_100' title='bbox 815 1507 922 1593; x_wconf 85' lang='lat' dir='ltr'><strong>Scipio</strong></span> <span class='ocrx_word' id='word_1_101' title='bbox 932 1508 1001 1574; x_wconf 88' lang='lat' dir='ltr'><strong>sine</strong></span> <span class='ocrx_word' id='word_1_102' title='bbox 1009 1505 1132 1590; x_wconf 85' lang='lat' dir='ltr'><strong>proelio</strong></span> <span class='ocrx_word' id='word_1_103' title='bbox 1144 1506 1179 1570; x_wconf 91' lang='lat' dir='ltr'><strong>in</strong></span> <span class='ocrx_word' id='word_1_104' title='bbox 1193 1510 1312 1571; x_wconf 82' lang='lat' dir='ltr'><strong>terrum</strong></span> 
     </span>
     <span class='ocr_line' id='line_1_14' title="bbox 169 1613 1312 1700; baseline -0.005 -18"><span class='ocrx_word' id='word_1_105' title='bbox 169 1636 234 1682; x_wconf 89' lang='lat' dir='ltr'><strong>non</strong></span> <span class='ocrx_word' id='word_1_106' title='bbox 251 1615 380 1682; x_wconf 84' lang='lat' dir='ltr'><strong>videtur</strong></span> <span class='ocrx_word' id='word_1_107' title='bbox 400 1613 509 1700; x_wconf 79' lang='lat' dir='ltr'><strong>egredi</strong></span> <span class='ocrx_word' id='word_1_108' title='bbox 531 1615 690 1698; x_wconf 85' lang='lat' dir='ltr'><strong>potuisse,</strong></span> <span class='ocrx_word' id='word_1_109' title='bbox 725 1614 812 1698; x_wconf 86' lang='lat' dir='ltr'><strong>quod</strong></span> <span class='ocrx_word' id='word_1_110' title='bbox 845 1636 910 1682; x_wconf 89' lang='lat' dir='ltr'><strong>nou</strong></span> <span class='ocrx_word' id='word_1_111' title='bbox 931 1613 1051 1680; x_wconf 68' lang='lat' dir='ltr'><strong>metum</strong></span> <span class='ocrx_word' id='word_1_112' title='bbox 1073 1633 1145 1678; x_wconf 86' lang='lat' dir='ltr'><strong>esse</strong></span> <span class='ocrx_word' id='word_1_113' title='bbox 1167 1632 1231 1677; x_wconf 89' lang='lat' dir='ltr'><strong>non</strong></span> <span class='ocrx_word' id='word_1_114' title='bbox 1253 1613 1312 1676; x_wconf 92' lang='lat' dir='ltr'><strong>mi·</strong></span> 
     </span>
     <span class='ocr_line' id='line_1_15' title="bbox 169 1721 1311 1806; baseline -0.003 -17"><span class='ocrx_word' id='word_1_115' title='bbox 169 1745 229 1790; x_wconf 86' lang='lat' dir='ltr'><strong>nus</strong></span> <span class='ocrx_word' id='word_1_116' title='bbox 251 1723 422 1802; x_wconf 83' lang='lat' dir='ltr'><strong>miremur,</strong></span> <span class='ocrx_word' id='word_1_117' title='bbox 446 1721 791 1806; x_wconf 66' lang='lat' dir='ltr'><strong>quenquennium,</strong></span> <span class='ocrx_word' id='word_1_118' title='bbox 815 1726 874 1805; x_wconf 77' lang='lat'><strong>28,</strong></span> <span class='ocrx_word' id='word_1_119' title='bbox 907 1727 926 1786; x_wconf 83' lang='lat'>9</span> <span class='ocrx_word' id='word_1_120' title='bbox 956 1721 1057 1788; x_wconf 92' lang='lat' dir='ltr'><strong>Poeni</strong></span> <span class='ocrx_word' id='word_1_121' title='bbox 1086 1723 1174 1788; x_wconf 77' lang='lat' dir='ltr'><strong>iutra</strong></span> <span class='ocrx_word' id='word_1_122' title='bbox 1202 1741 1311 1786; x_wconf 86' lang='lat' dir='ltr'><strong>muros</strong></span> 
     </span>
     <span class='ocr_line' id='line_1_16' title="bbox 170 1826 1311 1915; baseline -0.006 -17"><span class='ocrx_word' id='word_1_123' title='bbox 170 1853 204 1898; x_wconf 88' lang='lat' dir='ltr'><strong>se</strong></span> <span class='ocrx_word' id='word_1_124' title='bbox 233 1830 392 1914; x_wconf 87' lang='lat' dir='ltr'><strong>recipiunt</strong></span> <span class='ocrx_word' id='word_1_125' title='bbox 421 1834 599 1914; x_wconf 84' lang='lat' dir='ltr'><strong>portasque</strong></span> <span class='ocrx_word' id='word_1_126' title='bbox 630 1826 851 1915; x_wconf 62' lang='lat' dir='ltr'><strong>clsuduntffl).</strong></span> <span class='ocrx_word' id='word_1_127' title='bbox 875 1862 917 1878; x_wconf 84' lang='lat'><strong>-—</strong></span> <span class='ocrx_word' id='word_1_128' title='bbox 940 1827 1003 1893; x_wconf 84' lang='lat' dir='ltr'><strong>Sed</strong></span> <span class='ocrx_word' id='word_1_129' title='bbox 1033 1828 1063 1893; x_wconf 90' lang='lat' dir='ltr'><strong>si</strong></span> <span class='ocrx_word' id='word_1_130' title='bbox 1091 1826 1255 1912; x_wconf 82' lang='lat' dir='ltr'><strong>pergimus</strong></span> <span class='ocrx_word' id='word_1_131' title='bbox 1277 1828 1311 1891; x_wconf 92' lang='lat' dir='ltr'><strong>in</strong></span> 
     </span>
     <span class='ocr_line' id='line_1_17' title="bbox 164 1936 1311 2024; baseline -0.008 -15"><span class='ocrx_word' id='word_1_132' title='bbox 164 1938 304 2024; x_wconf 79' lang='lat' dir='ltr'><strong>legendo</strong></span> <span class='ocrx_word' id='word_1_133' title='bbox 325 1938 444 2005; x_wconf 89' lang='lat' dir='ltr'><strong>iterum</strong></span> <span class='ocrx_word' id='word_1_134' title='bbox 465 1936 636 2003; x_wconf 82' lang='lat' dir='ltr'><strong>haeremus</strong></span> <span class='ocrx_word' id='word_1_135' title='bbox 658 1936 691 2001; x_wconf 90' lang='lat' dir='ltr'><strong>in</strong></span> <span class='ocrx_word' id='word_1_136' title='bbox 715 1956 741 2001; x_wconf 93' lang='lat' dir='ltr'><strong>c.</strong></span> <span class='ocrx_word' id='word_1_137' title='bbox 765 1940 818 2017; x_wconf 90' lang='grc'><strong>28,</strong></span> <span class='ocrx_word' id='word_1_138' title='bbox 844 1941 894 2002; x_wconf 88' lang='grc'><strong>10.</strong></span> <span class='ocrx_word' id='word_1_139' title='bbox 937 1936 1067 2002; x_wconf 88' lang='lat' dir='ltr'><strong>Etenim</strong></span> <span class='ocrx_word' id='word_1_140' title='bbox 1098 1957 1168 2001; x_wconf 89' lang='lat' dir='ltr'><strong>cum</strong></span> <span class='ocrx_word' id='word_1_141' title='bbox 1199 1954 1311 2000; x_wconf 81' lang='lat' dir='ltr'><strong>narre-</strong></span> 
     </span>
     <span class='ocr_line' id='line_1_18' title="bbox 169 2041 1308 2129; baseline -0.006 -14"><span class='ocrx_word' id='word_1_142' title='bbox 169 2055 237 2115; x_wconf 89' lang='lat' dir='ltr'><strong>tum</strong></span> <span class='ocrx_word' id='word_1_143' title='bbox 260 2051 367 2129; x_wconf 85' lang='lat' dir='ltr'><strong>esset,</strong></span> <span class='ocrx_word' id='word_1_144' title='bbox 393 2045 555 2113; x_wconf 82' lang='lat' dir='ltr'><strong>Romanos</strong></span> <span class='ocrx_word' id='word_1_145' title='bbox 578 2045 609 2110; x_wconf 88' lang='lat' dir='ltr'><strong>in</strong></span> <span class='ocrx_word' id='word_1_146' title='bbox 632 2048 757 2110; x_wconf 84' lang='lat' dir='ltr'><strong>terram</strong></span> <span class='ocrx_word' id='word_1_147' title='bbox 779 2064 925 2128; x_wconf 78' lang='lat' dir='ltr'><strong>egressos</strong></span> <span class='ocrx_word' id='word_1_148' title='bbox 947 2064 1018 2110; x_wconf 86' lang='lat' dir='ltr'><strong>esse</strong></span> <span class='ocrx_word' id='word_1_149' title='bbox 1040 2063 1173 2110; x_wconf 87' lang='lat' dir='ltr'><strong>omnes:</strong></span> <span class='ocrx_word' id='word_1_150' title='bbox 1193 2041 1308 2122; x_wconf 87' lang='lat' dir='ltr'>XXIX,</span> 
     </span>
     <span class='ocr_line' id='line_1_19' title="bbox 171 2150 1309 2239; baseline -0.01 -16"><span class='ocrx_word' id='word_1_151' title='bbox 171 2163 235 2239; x_wconf 84' lang='grc'><strong>27,</strong></span> <span class='ocrx_word' id='word_1_152' title='bbox 266 2161 327 2238; x_wconf 81' lang='grc'><strong>13;</strong></span> <span class='ocrx_word' id='word_1_153' title='bbox 355 2160 454 2238; x_wconf 83' lang='lat' dir='ltr'><strong>utque</strong></span> <span class='ocrx_word' id='word_1_154' title='bbox 487 2155 520 2222; x_wconf 89' lang='lat' dir='ltr'><strong>iu</strong></span> <span class='ocrx_word' id='word_1_155' title='bbox 555 2153 711 2236; x_wconf 84' lang='lat' dir='ltr'><strong>proximis</strong></span> <span class='ocrx_word' id='word_1_156' title='bbox 740 2151 873 2218; x_wconf 90' lang='lat' dir='ltr'><strong>tumulis</strong></span> <span class='ocrx_word' id='word_1_157' title='bbox 906 2158 1014 2218; x_wconf 81' lang='lat' dir='ltr'><strong>cestre</strong></span> <span class='ocrx_word' id='word_1_158' title='bbox 1044 2150 1309 2218; x_wconf 82' lang='lat' dir='ltr'><strong>communivIsse:</strong></span> 
     </span>
     <span class='ocr_line' id='line_1_20' title="bbox 168 2258 1309 2347; baseline -0.008 -15"><span class='ocrx_word' id='word_1_159' title='bbox 168 2263 642 2347; x_wconf 78' lang='lat' dir='ltr'><strong>XX1X‚28‚1;Poenoseutem</strong></span> <span class='ocrx_word' id='word_1_160' title='bbox 657 2268 828 2345; x_wconf 77' lang='lat' dir='ltr'><strong>conspectu</strong></span> <span class='ocrx_word' id='word_1_161' title='bbox 838 2262 997 2328; x_wconf 73' lang='lat' dir='ltr'><strong>exercitus</strong></span> <span class='ocrx_word' id='word_1_162' title='bbox 1006 2261 1137 2327; x_wconf 84' lang='lat' dir='ltr'><strong>territos</strong></span> <span class='ocrx_word' id='word_1_163' title='bbox 1148 2259 1184 2326; x_wconf 82' lang='lat' dir='ltr'><strong>L.</strong></span> <span class='ocrx_word' id='word_1_164' title='bbox 1194 2258 1309 2340; x_wconf 86' lang='lat' dir='ltr'>XXIX,</span> 
     </span>
    </p>
   </div>
   <div class='ocr_carea' id='block_1_4' title="bbox 176 2475 484 2488">
    <p class='ocr_par' dir='ltr' id='par_1_4' title="bbox 176 2475 484 2488">
     <span class='ocr_line' id='line_1_21' title="bbox 176 2475 484 2488; baseline -0.01 0"><span class='ocrx_word' id='word_1_165' title='bbox 176 2475 484 2488; x_wconf 57' lang='lat' dir='ltr'><strong>affl</strong></span> 
     </span>
    </p>
   </div>
   <div class='ocr_carea' id='block_1_5' title="bbox 290 2626 1157 3811">
    <p class='ocr_par' dir='ltr' id='par_1_5' title="bbox 300 2626 909 2698">
     <span class='ocr_line' id='line_1_22' title="bbox 300 2626 909 2698; baseline -0.008 -12"><span class='ocrx_word' id='word_1_166' title='bbox 300 2631 338 2686; x_wconf 83' lang='lat' dir='ltr'><strong>Et</strong></span> <span class='ocrx_word' id='word_1_167' title='bbox 354 2629 458 2686; x_wconf 79' lang='lat' dir='ltr'><strong>nomini</strong></span> <span class='ocrx_word' id='word_1_168' title='bbox 481 2628 567 2684; x_wconf 80' lang='lat' dir='ltr'><strong>lutino</strong></span> <span class='ocrx_word' id='word_1_169' title='bbox 585 2655 620 2669; x_wconf 92' lang='lat'>-</span> <span class='ocrx_word' id='word_1_170' title='bbox 639 2628 684 2698; x_wconf 92' lang='lat' dir='ltr'><strong>qui</strong></span> <span class='ocrx_word' id='word_1_171' title='bbox 701 2627 778 2698; x_wconf 88' lang='lat' dir='ltr'><strong>popli</strong></span> <span class='ocrx_word' id='word_1_172' title='bbox 793 2626 909 2682; x_wconf 79' lang='lat' dir='ltr'><strong>Romini</strong></span> 
     </span>
    </p>

    <p class='ocr_par' dir='ltr' id='par_1_6' title="bbox 293 2718 1071 3070">
     <span class='ocr_line' id='line_1_23' title="bbox 298 2718 1071 2800; baseline -0.006 -21"><span class='ocrx_word' id='word_1_173' title='bbox 298 2725 336 2780; x_wconf 76' lang='lat' dir='ltr'><strong>Et</strong></span> <span class='ocrx_word' id='word_1_174' title='bbox 357 2723 404 2794; x_wconf 87' lang='lat' dir='ltr'><strong>qui</strong></span> <span class='ocrx_word' id='word_1_175' title='bbox 421 2723 511 2778; x_wconf 82' lang='lat' dir='ltr'><strong>merim</strong></span> <span class='ocrx_word' id='word_1_176' title='bbox 528 2722 631 2779; x_wconf 61' lang='lat' dir='ltr'><strong>mutem</strong></span> <span class='ocrx_word' id='word_1_177' title='bbox 651 2751 684 2762; x_wconf 56' lang='lat'><strong>*-</strong></span> <span class='ocrx_word' id='word_1_178' title='bbox 699 2721 846 2792; x_wconf 82' lang='lat' dir='ltr'><strong>imperium</strong></span> <span class='ocrx_word' id='word_1_179' title='bbox 863 2718 1071 2800; x_wconf 71' lang='lat' dir='ltr'><strong>suspiciquue</strong></span> 
     </span>
     <span class='ocr_line' id='line_1_24' title="bbox 298 2813 1001 2884; baseline -0.009 -12"><span class='ocrx_word' id='word_1_180' title='bbox 298 2816 383 2874; x_wconf 72' lang='lat' dir='ltr'><strong>Tetri</strong></span> <span class='ocrx_word' id='word_1_181' title='bbox 399 2816 476 2872; x_wconf 85' lang='lat' dir='ltr'><strong>meri</strong></span> <span class='ocrx_word' id='word_1_182' title='bbox 497 2815 676 2884; x_wconf 66' lang='lat' dir='ltr'><strong>{emnibilsque</strong></span> <span class='ocrx_word' id='word_1_183' title='bbox 695 2843 729 2854; x_wconf 90' lang='lat'><em>-</em></span> <span class='ocrx_word' id='word_1_184' title='bbox 748 2813 842 2883; x_wconf 68' lang='lat' dir='ltr'><strong>(sirmis</strong></span> <span class='ocrx_word' id='word_1_185' title='bbox 861 2813 1001 2882; x_wconf 79' lang='lat' dir='ltr'><strong>equisque)</strong></span> 
     </span>
     <span class='ocr_line' id='line_1_25' title="bbox 297 2903 1036 2974; baseline -0.009 -10"><span class='ocrx_word' id='word_1_186' title='bbox 297 2909 430 2965; x_wconf 82' lang='lat' dir='ltr'><strong>Seciintur</strong></span> <span class='ocrx_word' id='word_1_187' title='bbox 448 2905 519 2961; x_wconf 72' lang='lat' dir='ltr'><strong>bene</strong></span> <span class='ocrx_word' id='word_1_188' title='bbox 538 2906 702 2961; x_wconf 78' lang='lat' dir='ltr'><strong>verruncent</strong></span> <span class='ocrx_word' id='word_1_189' title='bbox 723 2934 757 2946; x_wconf 92' lang='lat'>-</span> <span class='ocrx_word' id='word_1_190' title='bbox 776 2905 861 2974; x_wconf 76' lang='lat' dir='ltr'><strong>eique</strong></span> <span class='ocrx_word' id='word_1_191' title='bbox 879 2903 925 2958; x_wconf 81' lang='lat' dir='ltr'><strong>vos</strong></span> <span class='ocrx_word' id='word_1_192' title='bbox 943 2903 1036 2958; x_wconf 80' lang='lat' dir='ltr'><strong>omniu</strong></span> 
     </span>
     <span class='ocr_line' id='line_1_26' title="bbox 293 2996 900 3070; baseline -0.01 -14"><span class='ocrx_word' id='word_1_193' title='bbox 293 3003 366 3056; x_wconf 90' lang='lat' dir='ltr'><strong>Bene</strong></span> <span class='ocrx_word' id='word_1_194' title='bbox 381 2999 481 3070; x_wconf 76' lang='lat' dir='ltr'><strong>juvens</strong></span> <span class='ocrx_word' id='word_1_195' title='bbox 509 2997 588 3054; x_wconf 89' lang='lat' dir='ltr'><strong>bonis</strong></span> <span class='ocrx_word' id='word_1_196' title='bbox 607 3025 640 3036; x_wconf 96' lang='lat'>-</span> <span class='ocrx_word' id='word_1_197' title='bbox 659 2996 758 3052; x_wconf 74' lang='lat' dir='ltr'><strong>inritis</strong></span> <span class='ocrx_word' id='word_1_198' title='bbox 776 2996 900 3052; x_wconf 78' lang='lat' dir='ltr'><strong>arietibus</strong></span> 
     </span>
    </p>

    <p class='ocr_par' dir='ltr' id='par_1_7' title="bbox 290 3087 1063 3534">
     <span class='ocr_line' id='line_1_27' title="bbox 293 3087 966 3159; baseline -0.013 -9"><span class='ocrx_word' id='word_1_199' title='bbox 293 3093 387 3150; x_wconf 73' lang='lat' dir='ltr'><strong>Saluis</strong></span> <span class='ocrx_word' id='word_1_200' title='bbox 413 3089 614 3159; x_wconf 74' lang='lat' dir='ltr'><strong>inodlomesque</strong></span> <span class='ocrx_word' id='word_1_201' title='bbox 638 3117 664 3128; x_wconf 90' lang='lat'><strong>-</strong></span> <span class='ocrx_word' id='word_1_202' title='bbox 685 3089 764 3145; x_wconf 79' lang='lat' dir='ltr'><strong>vietis</strong></span> <span class='ocrx_word' id='word_1_203' title='bbox 780 3087 966 3159; x_wconf 70' lang='lat' dir='ltr'><strong>perduellibus</strong></span> 
     </span>
     <span class='ocr_line' id='line_1_28' title="bbox 292 3181 989 3254; baseline -0.013 -11"><span class='ocrx_word' id='word_1_204' title='bbox 292 3186 415 3244; x_wconf 75' lang='lat' dir='ltr'><strong>victores</strong></span> <span class='ocrx_word' id='word_1_205' title='bbox 433 3185 574 3242; x_wconf 73' lang='lat' dir='ltr'><strong>decoritos</strong></span> <span class='ocrx_word' id='word_1_206' title='bbox 592 3211 628 3222; x_wconf 89' lang='lat'>-</span> <span class='ocrx_word' id='word_1_207' title='bbox 645 3181 742 3254; x_wconf 77' lang='lat' dir='ltr'><strong>spiliis</strong></span> <span class='ocrx_word' id='word_1_208' title='bbox 757 3181 860 3252; x_wconf 73' lang='lat' dir='ltr'><strong>preside</strong></span> <span class='ocrx_word' id='word_1_209' title='bbox 877 3182 989 3236; x_wconf 76' lang='lat' dir='ltr'><strong>onustos</strong></span> 
     </span>
     <span class='ocr_line' id='line_1_29' title="bbox 292 3273 1056 3350; baseline -0.012 -14"><span class='ocrx_word' id='word_1_210' title='bbox 292 3279 503 3350; x_wconf 76' lang='lat' dir='ltr'><strong>Triumphentes</strong></span> <span class='ocrx_word' id='word_1_211' title='bbox 521 3276 628 3332; x_wconf 78' lang='lat' dir='ltr'><strong>meeum</strong></span> <span class='ocrx_word' id='word_1_212' title='bbox 646 3276 743 3333; x_wconf 80' lang='lat' dir='ltr'><strong>domos</strong></span> <span class='ocrx_word' id='word_1_213' title='bbox 761 3301 796 3313; x_wconf 90' lang='lat'><em>-</em></span> <span class='ocrx_word' id='word_1_214' title='bbox 814 3274 928 3330; x_wconf 73' lang='lat' dir='ltr'><strong>reduces</strong></span> <span class='ocrx_word' id='word_1_215' title='bbox 947 3273 1056 3328; x_wconf 76' lang='lat' dir='ltr'><strong>sistitis.</strong></span> 
     </span>
     <span class='ocr_line' id='line_1_30' title="bbox 291 3367 1063 3440; baseline -0.008 -12"><span class='ocrx_word' id='word_1_216' title='bbox 291 3373 466 3428; x_wconf 86' lang='lat' dir='ltr'><strong>inimicorum</strong></span> <span class='ocrx_word' id='word_1_217' title='bbox 484 3370 655 3439; x_wconf 72' lang='lat' dir='ltr'><strong>bestiumqne</strong></span> <span class='ocrx_word' id='word_1_218' title='bbox 676 3399 708 3408; x_wconf 90' lang='lat'>—</span> <span class='ocrx_word' id='word_1_219' title='bbox 728 3369 835 3440; x_wconf 77' lang='lat' dir='ltr'><strong>cupium</strong></span> <span class='ocrx_word' id='word_1_220' title='bbox 848 3367 1063 3424; x_wconf 80' lang='lat' dir='ltr'><strong>ulciscendorum</strong></span> 
     </span>
     <span class='ocr_line' id='line_1_31' title="bbox 290 3460 944 3534; baseline -0.011 -13"><span class='ocrx_word' id='word_1_221' title='bbox 290 3467 393 3522; x_wconf 80' lang='lat' dir='ltr'><strong>Fexitis</strong></span> <span class='ocrx_word' id='word_1_222' title='bbox 411 3465 531 3534; x_wconf 75' lang='lat' dir='ltr'><strong>quaeque</strong></span> <span class='ocrx_word' id='word_1_223' title='bbox 548 3462 646 3534; x_wconf 80' lang='lat' dir='ltr'><strong>pdplus</strong></span> <span class='ocrx_word' id='word_1_224' title='bbox 663 3492 699 3502; x_wconf 90' lang='lat'><em>-</em></span> <span class='ocrx_word' id='word_1_225' title='bbox 718 3460 944 3517; x_wconf 73' lang='lat' dir='ltr'><strong>Cierthicinidnsis</strong></span> 
     </span>
    </p>

    <p class='ocr_par' dir='ltr' id='par_1_8' title="bbox 291 3548 1157 3811">
     <span class='ocr_line' id='line_1_32' title="bbox 294 3548 1157 3612; baseline -0.007 -2"><span class='ocrx_word' id='word_1_226' title='bbox 294 3557 327 3610; x_wconf 91' lang='lat' dir='ltr'><strong>In</strong></span> <span class='ocrx_word' id='word_1_227' title='bbox 345 3555 484 3612; x_wconf 75' lang='lat' dir='ltr'><strong>civititem</strong></span> <span class='ocrx_word' id='word_1_228' title='bbox 502 3553 623 3610; x_wconf 80' lang='lat' dir='ltr'><strong>ndstrum</strong></span> <span class='ocrx_word' id='word_1_229' title='bbox 643 3581 676 3594; x_wconf 89' lang='lat'><strong>-·</strong></span> <span class='ocrx_word' id='word_1_230' title='bbox 695 3552 785 3607; x_wconf 75' lang='lat' dir='ltr'><strong>sisere</strong></span> <span class='ocrx_word' id='word_1_231' title='bbox 803 3555 845 3606; x_wconf 83' lang='lat' dir='ltr'><strong>est</strong></span> <span class='ocrx_word' id='word_1_232' title='bbox 863 3550 973 3604; x_wconf 77' lang='lat' dir='ltr'><strong>molitus</strong></span> <span class='ocrx_word' id='word_1_233' title='bbox 991 3566 1022 3604; x_wconf 83' lang='lat' dir='ltr'><strong>ss</strong></span> <span class='ocrx_word' id='word_1_234' title='bbox 1041 3548 1072 3604; x_wconf 78' lang='lat' dir='ltr'><strong>ot</strong></span> <span class='ocrx_word' id='word_1_235' title='bbox 1090 3550 1157 3604; x_wconf 89' lang='lat' dir='ltr'><strong>mihi</strong></span> 
     </span>
     <span class='ocr_line' id='line_1_33' title="bbox 292 3641 967 3718; baseline -0.012 -15"><span class='ocrx_word' id='word_1_236' title='bbox 292 3647 431 3718; x_wconf 79' lang='lat' dir='ltr'><strong>Poplr&#39;ique</strong></span> <span class='ocrx_word' id='word_1_237' title='bbox 448 3647 477 3700; x_wconf 88' lang='lat' dir='ltr'><strong>in</strong></span> <span class='ocrx_word' id='word_1_238' title='bbox 494 3645 631 3702; x_wconf 76' lang='lat' dir='ltr'><strong>dvititem</strong></span> <span class='ocrx_word' id='word_1_239' title='bbox 651 3673 683 3686; x_wconf 91' lang='lat'>-</span> <span class='ocrx_word' id='word_1_240' title='bbox 705 3641 967 3699; x_wconf 70' lang='lat' dir='ltr'><strong>Oimhimuieusinm</strong></span> 
     </span>
     <span class='ocr_line' id='line_1_34' title="bbox 291 3734 1077 3811; baseline -0.011 -14"><span class='ocrx_word' id='word_1_241' title='bbox 291 3739 428 3811; x_wconf 74' lang='lat' dir='ltr'><strong>Exemplo</strong></span> <span class='ocrx_word' id='word_1_242' title='bbox 445 3735 546 3795; x_wconf 69' lang='lat' dir='ltr'><strong>edendi</strong></span> <span class='ocrx_word' id='word_1_243' title='bbox 562 3739 636 3795; x_wconf 75' lang='lat' dir='ltr'><strong>detis</strong></span> <span class='ocrx_word' id='word_1_244' title='bbox 655 3767 685 3778; x_wconf 93' lang='lat'>-</span> <span class='ocrx_word' id='word_1_245' title='bbox 704 3736 782 3807; x_wconf 71' lang='lat' dir='ltr'><strong>(vim)</strong></span> <span class='ocrx_word' id='word_1_246' title='bbox 801 3734 1023 3804; x_wconf 65' lang='lat' dir='ltr'><strong>momenque.</strong></span> <span class='ocrx_word' id='word_1_247' title='bbox 1041 3761 1077 3774; x_wconf 87' lang='lat'><strong>-·</strong></span> 
     </span>
    </p>
   </div>
   <div class='ocr_carea' id='block_1_6' title="bbox 164 3912 1414 4270">
    <p class='ocr_par' dir='ltr' id='par_1_9' title="bbox 164 3912 1414 4270">
     <span class='ocr_line' id='line_1_35' title="bbox 237 3912 1308 3992; baseline -0.012 -13"><span class='ocrx_word' id='word_1_248' title='bbox 237 3923 285 3992; x_wconf 80' lang='lat'><strong>40)</strong></span> <span class='ocrx_word' id='word_1_249' title='bbox 302 3921 405 3978; x_wconf 80' lang='lat' dir='ltr'><strong>Ennius</strong></span> <span class='ocrx_word' id='word_1_250' title='bbox 428 3921 457 3974; x_wconf 89' lang='lat' dir='ltr'><strong>iu</strong></span> <span class='ocrx_word' id='word_1_251' title='bbox 481 3921 533 3976; x_wconf 90' lang='lat' dir='ltr'><strong>hoc</strong></span> <span class='ocrx_word' id='word_1_252' title='bbox 550 3921 610 3991; x_wconf 90' lang='lat' dir='ltr'><strong>ipso</strong></span> <span class='ocrx_word' id='word_1_253' title='bbox 637 3924 742 3974; x_wconf 89' lang='lat' dir='ltr'><strong>terrore</strong></span> <span class='ocrx_word' id='word_1_254' title='bbox 767 3914 920 3973; x_wconf 87' lang='lat' dir='ltr'><strong>Poenorum</strong></span> <span class='ocrx_word' id='word_1_255' title='bbox 944 3913 1125 3970; x_wconf 85' lang='lat' dir='ltr'><strong>describendo</strong></span> <span class='ocrx_word' id='word_1_256' title='bbox 1149 3929 1213 3968; x_wconf 90' lang='lat' dir='ltr'><strong>cum</strong></span> <span class='ocrx_word' id='word_1_257' title='bbox 1230 3912 1308 3967; x_wconf 85' lang='lat' dir='ltr'><strong>Livio</strong></span> 
     </span>
     <span class='ocr_line' id='line_1_36' title="bbox 164 4003 1414 4090; baseline -0.013 -19"><span class='ocrx_word' id='word_1_258' title='bbox 164 4015 273 4073; x_wconf 86' lang='lat' dir='ltr'><strong>videtur</strong></span> <span class='ocrx_word' id='word_1_259' title='bbox 290 4013 457 4082; x_wconf 87' lang='lat' dir='ltr'><strong>consentire,</strong></span> <span class='ocrx_word' id='word_1_260' title='bbox 475 4011 524 4090; x_wconf 70' lang='lat' dir='ltr'><strong>od.</strong></span> <span class='ocrx_word' id='word_1_261' title='bbox 542 4009 662 4080; x_wconf 77' lang='lat' dir='ltr'><strong>Vahlen,</strong></span> <span class='ocrx_word' id='word_1_262' title='bbox 679 4011 752 4064; x_wconf 80' lang='lat' dir='ltr'><strong>Eun.</strong></span> <span class='ocrx_word' id='word_1_263' title='bbox 770 4027 799 4078; x_wconf 92' lang='lat' dir='ltr'><strong>p.</strong></span> <span class='ocrx_word' id='word_1_264' title='bbox 817 4007 903 4079; x_wconf 79' lang='lat' dir='ltr'><strong>prees.</strong></span> <span class='ocrx_word' id='word_1_265' title='bbox 922 4025 950 4077; x_wconf 93' lang='lat' dir='ltr'><strong>p.</strong></span> <span class='ocrx_word' id='word_1_266' title='bbox 967 4005 1079 4064; x_wconf 77' lang='lat' dir='ltr'>LXVII:</span> <span class='ocrx_word' id='word_1_267' title='bbox 1096 4003 1168 4059; x_wconf 88' lang='lat' dir='ltr'><strong>uude</strong></span> <span class='ocrx_word' id='word_1_268' title='bbox 1186 4007 1309 4072; x_wconf 78' lang='lat' dir='ltr'><strong>apparet,</strong></span> <span class='ocrx_word' id='word_1_269' title='bbox 1411 4006 1414 4076; x_wconf 66' lang='lat' dir='ltr'><strong>j</strong></span> 
     </span>
     <span class='ocr_line' id='line_1_37' title="bbox 164 4097 1308 4175; baseline -0.011 -10"><span class='ocrx_word' id='word_1_270' title='bbox 164 4107 236 4165; x_wconf 80' lang='lat' dir='ltr'><strong>heno</strong></span> <span class='ocrx_word' id='word_1_271' title='bbox 253 4107 438 4163; x_wconf 70' lang='lat' dir='ltr'><strong>emtionem</strong></span> <span class='ocrx_word' id='word_1_272' title='bbox 456 4103 529 4175; x_wconf 82' lang='lat' dir='ltr'><strong>upud</strong></span> <span class='ocrx_word' id='word_1_273' title='bbox 547 4121 594 4159; x_wconf 91' lang='lat' dir='ltr'><strong>eos</strong></span> <span class='ocrx_word' id='word_1_274' title='bbox 620 4103 739 4158; x_wconf 64' lang='lat' dir='ltr'><strong>mommo</strong></span> <span class='ocrx_word' id='word_1_275' title='bbox 762 4102 893 4165; x_wconf 81' lang='lat' dir='ltr'><strong>inueniri,</strong></span> <span class='ocrx_word' id='word_1_276' title='bbox 919 4099 966 4168; x_wconf 88' lang='lat' dir='ltr'><strong>qui</strong></span> <span class='ocrx_word' id='word_1_277' title='bbox 998 4097 1114 4168; x_wconf 77' lang='lat' dir='ltr'><strong>glorium</strong></span> <span class='ocrx_word' id='word_1_278' title='bbox 1138 4097 1232 4166; x_wconf 89' lang='lat' dir='ltr'><strong>populi</strong></span> <span class='ocrx_word' id='word_1_279' title='bbox 1256 4098 1308 4152; x_wconf 87' lang='lat' dir='ltr'><strong>Ro·</strong></span> 
     </span>
     <span class='ocr_line' id='line_1_38' title="bbox 165 4196 851 4270; baseline -0.004 -16"><span class='ocrx_word' id='word_1_280' title='bbox 165 4201 240 4256; x_wconf 86' lang='lat' dir='ltr'><strong>muni</strong></span> <span class='ocrx_word' id='word_1_281' title='bbox 257 4201 348 4270; x_wconf 83' lang='lat' dir='ltr'><strong>potius</strong></span> <span class='ocrx_word' id='word_1_282' title='bbox 366 4216 448 4268; x_wconf 81' lang='lat' dir='ltr'><strong>quum</strong></span> <span class='ocrx_word' id='word_1_283' title='bbox 467 4198 610 4256; x_wconf 79' lang='lat' dir='ltr'><strong>veritstem</strong></span> <span class='ocrx_word' id='word_1_284' title='bbox 628 4196 798 4268; x_wconf 84' lang='lat' dir='ltr'><strong>speetebsnt.</strong></span> <span class='ocrx_word' id='word_1_285' title='bbox 818 4224 851 4235; x_wconf 84' lang='lat'>-</span> 
     </span>
    </p>
   </div>
   <div class='ocr_carea' id='block_1_7' title="bbox 0 0 1433 4642">
    <p class='ocr_par' dir='ltr' id='par_1_10' title="bbox 0 0 1433 4642">
     <span class='ocr_line' id='line_1_39' title="bbox 0 0 1433 4642; baseline 0 0"><span class='ocrx_word' id='word_1_286' title='bbox 0 0 1433 4642; x_wconf 95' lang='lat' dir='ltr'><strong> </strong></span> 
     </span>
    </p>
   </div>
  </div>
 </body>
</html>
