2842 4642
653 3 695 66 68

100 177 233 266 respicit
256 175 297 244 ad
321 197 377 244 eos
400 175 591 262 scriptores,
616 173 765 262 quicum
788 174 828 241 de
850 193 975 242 summa
1007 159 1113 240 rerum
1136 189 1247 241 secum

100 286 328 368 consentiant,
352 305 392 351 ea
413 305 497 370 quae
518 285 587 370 ipse
610 284 850 369 conquisiverit,
873 305 937 350 non
961 282 1112 365 habeant,
1135 304 1250 369 quam-

99 397 145 464 vis
167 394 367 482 gravissima.
390 393 426 460 P.
448 393 488 475 X,
512 398 543 475 9,
567 397 598 458 2.
620 393 740 469 αούωις
761 390 820 458 οὖν
839 390 1113 475 τοτςέαλογισμοτς
1134 392 1250 478 lipoto-

100 503 229 586 γοῦνπς
250 506 312 571 etc.
356 502 470 588 Itaque
500 501 608 569 Livius
639 523 705 569 nen
738 502 910 588 Polybium
931 507 981 568 est
1011 509 1159 586 secutus,
1189 503 1249 570 sed

101 613 236 681 eundem
259 612 396 694 iontem,
426 632 522 698 quem
544 611 617 694 ille,
640 611 681 678 ad
705 631 801 696 quem
821 611 955 698 Polybio
978 611 1132 678 nonnulla
1160 611 1251 679 vide-

101 723 222 790 bantur
244 719 404 788 addenda.
449 719 543 800 Quod
566 739 641 787 vero
664 740 764 804 supra
786 719 986 802 videramus,
1019 720 1141 813 iontem
1162 719 1246 787 Livii

103 831 202 900 luisse
225 832 370 909 latinum,
393 831 427 898 in
450 829 609 916 Scipionis
633 830 749 896 caetris
769 835 933 896 versatum
956 835 1014 896 aut
1037 834 1105 916 ejus
1127 850 1249 915 aequa·

100 942 184 1024 lem,
207 941 328 1026 optime
352 941 450 1007 etiam
473 942 508 1006 in
529 939 697 1026 Polybium
721 939 871 1025 quadret.
915 938 998 1006 Nam
1020 939 1102 1005 illud
1119 939 1250 1024 quidem

103 1055 137 1118 et
157 1055 293 1134 propter
313 1047 440 1116 vivendi
471 1048 629 1115 rationem
651 1047 777 1134 Polybii
806 1051 841 1114 et
874 1053 1010 1133 propter
1038 1052 1107 1134 ejus
1137 1049 1247 1116 studia

103 1160 156 1226 vix
178 1159 240 1225 erit
261 1156 485 1240 dubitandum,
508 1158 586 1243 quin
610 1177 721 1224 eorum
742 1156 851 1240 libros,
874 1157 930 1241 qui
952 1179 1022 1240 res,
1045 1157 1163 1243 quibus
1185 1158 1250 1243 ipsi

101 1266 325 1348 interfuerant,
349 1267 413 1353 ipsi
435 1266 698 1352 perscripserunt,
723 1286 833 1332 omnes
854 1264 1042 1351 inspexerit.
1088 1266 1181 1347 Quod
1202 1267 1251 1334 ita

100 1395 136 1442 se
158 1375 290 1457 habere,
314 1378 451 1461 apparet
475 1376 572 1441 stiam
595 1393 634 1440 ex
656 1373 726 1440 Pol.
749 1372 788 1439 X.
813 1379 851 1456 9,
876 1378 894 1439 3
914 1378 969 1461 τῆς
989 1377 1054 1440 νοῦν
1066 1377 1242 1458 συμβεβιω-

103 1483 205 1550 νότων
225 1483 453 1574 preceptorem)
476 1488 509 1550 et
532 1505 570 1550 ex
591 1483 675 1569 VIII,
698 1489 729 1550 4.
751 1483 827 1566 XII,
850 1488 901 1552 28.
947 1483 1070 1550 Deinde
1090 1505 1169 1551 sero
1190 1484 1246 1566 XI,

105 1596 156 1676 31,
181 1597 200 1659 8
219 1594 344 1660 animus
359 1592 498 1660 militum
520 1593 567 1659 sic
579 1591 791 1659 describitur:
813 1590 1156 1680 nepautqolourslvcs
1164 1597 1249 1658 ποίν-

101 1721 157 1775 aar
179 1699 215 1763 ds
235 1701 290 1785 τῆς
311 1697 473 1785 α’πόψοως
493 1708 558 1774 eote
584 1695 683 1783 δρῶσι
703 1698 777 1775 welo
798 1697 971 1783 πολεμίους
991 1701 1046 1763 καὶ
1066 1699 1140 1764 ὅσον
1156 1699 1250 1765 οὔπω

100 1807 254 1892 μέλλουσι
275 1807 548 1890 δοανινδονεύων;
582 1827 666 1894 quae
696 1829 737 1876 ex
759 1807 976 1894 descriptione
1007 1808 1159 1896 alicujus,
1194 1809 1251 1893 qai

101 1917 198 1984 rebus
220 1916 421 2001 interfuerat,
445 1917 584 1984 fortasse
605 1917 779 2002 desumpta
804 1936 883 2001 esse,
905 1917 1028 1986 indicet
1042 1919 1063 1988 l.
1079 1919 1134 2000 XI,
1149 1921 1200 2000 12,
1216 1921 1247 2000 2,

101 2023 158 2091 ubi
180 2023 332 2109 Polyqus
356 2022 513 2110 eJusmodi
534 2021 700 2106 ardorem,
730 2044 828 2109 quem
850 2024 883 2090 in
907 2025 1049 2091 exercitu
1080 2025 1250 2109 Philopoe-

101 2131 204 2200 menis
234 2132 304 2219 ipse
334 2132 476 2215 viderat,
513 2132 663 2200 similiter
693 2133 848 2220 depingit.
906 2133 971 2202 Sed
1001 2134 1160 2204 accedunt
1179 2132 1246 2200 alia

102 2243 288 2310 testimonia
310 2242 411 2311 multo
434 2242 585 2328 graviora
606 2240 675 2308 Pel.
698 2241 775 2327 XII,
806 2247 867 2325 28,
894 2263 937 2325 a,
969 2242 1108 2314 suist:
1140 2240 1159 2327 ἢ
1186 2243 1249 2328 γάρ

101 2357 165 2418 τῶν
184 2355 420 2438 παρεπομένων
443 2363 509 2429 τοῖς
538 2352 727 2441 πράγμασιν
756 2349 935 2440 ὼνόμνγως
962 2350 1043 2437 orlei
1065 2361 1253 2438 γωρογογω

104 2463 160 2526 τὸν
180 2461 394 2548 ἐξηγούμενον
416 2467 449 2528 et
470 2461 542 2546 XII,
567 2467 619 2547 28,
643 2468 680 2531 32
702 2465 741 2528 ed
763 2468 816 2550 τῆς
830 2458 1250 2548 ἶοιορίοςέξωοόωναλῶς,

103 2567 183 2635 ὅταν
204 2569 226 2656 ἢ
246 2565 278 2634 ei
299 2573 513 2653 πραγματικαὶ
543 2574 606 2635 τῶν
636 2568 769 2656 ἀνδρῶν
789 2571 928 2655 γράφειν
948 2566 1170 2655 migrassent·
1194 2570 1253 2646 sele

103 2675 242 2762 irreptor
264 2677 323 2763 (μή
345 2675 656 2762 καθάπερνῦν,
680 2679 858 2762 παρέργως)
881 2683 941 2742 etc.
965 2678 1022 2742 clr.
1045 2673 1196 2760 mmo
1217 2697 1248 2759 a,

103 2791 132 2869 ξ.
155 2790 177 2851 4
198 2790 233 2852 et
255 2790 286 2853 6.
311 2785 466 2865 XXXIV,
494 2790 543 2871 10,
566 2789 595 2850 6.
640 2784 758 2852 Strabo
780 2785 835 2867 IV,
857 2806 890 2870 p.
915 2786 988 2852 190.
1033 2787 1118 2854 Hinc
1151 2787 1251 2873 igitur

103 2900 249 2981 apparet,
271 2895 440 2983 Polybium
462 2901 627 2962 eteorum
651 2895 848 2979 testimonia,
871 2896 927 2982 qni
949 2895 1046 2965 rebus
1067 2897 1131 2981 ipsi
1145 2897 1251 2963 inter·

104 3003 250 3088 inerunt,
285 3005 400 3072 summi
431 3004 530 3089 pretii
562 3003 717 3071 babuisse
750 3010 850 3091 atque
882 3004 951 3071 siae
983 3003 1082 3070 dubio
1115 3004 1156 3070 iis
1177 3024 1251 3071 esse

104 3133 213 3180 nsum:
235 3117 358 3201 atejus
380 3120 527 3199 tempore
555 3113 719 3181 exstitisse
748 3115 901 3182 historias
933 3112 1091 3198 qnasdmn
1116 3111 1253 3198 ανορόν

103 3224 349 3308 πραγματικῶν,
372 3222 504 3306 quires
527 3243 606 3308 quas
631 3221 693 3307 ipsi
717 3228 895 3308 gesserunt,
907 3222 970 3308 ipsi
987 3219 1252 3308 perscripserunt.

107 3329 271 3397 Hannibal
292 3331 363 3418 ipse
385 3349 517 3414 graecos
540 3333 787 3400 commentarios
809 3332 961 3417 scripsit3
984 3327 1168 3416 (Cornelius
1190 3330 1253 3397 Ne·

107 3461 168 3526 pos
190 3441 246 3508 vit.
269 3441 374 3507 Hann.
395 3441 490 3523 XIII,
514 3446 564 3524 2);
596 3441 681 3508 idem
705 3440 849 3509 iecerunt
883 3434 1079 3522 „testes'illi
1102 3433 1252 3507 'comam‘

109 3548 235 3615 Silenus
258 3555 292 3614 et
314 3547 456 3631 Sosilus3
478 3547 586 3632 (Corn.
609 3549 716 3634 Nepos
738 3549 841 3618 Hane.
859 3542 1014 3636 x111,e);
1035 3548 1254 3616 Romanorum

109 3658 304 3744 scriptorum
338 3662 407 3744 ejus
439 3658 557 3726 aetatis
593 3657 753 3726 notissimi
787 3661 882 3722 sunt:
909 3656 947 3736 Q.
979 3656 1101 3733 Fabius
1132 3655 1252 3724 Pictor.

109 3768 146 3835 L.
177 3767 306 3834 Cincius
340 3765 538 3850 Alimentus,
574 3766 692 3853 ἄνδρες
723 3770 937 3852 πραγμαπνοὶ
965 3770 1021 3831 ναὶ
1055 3764 1253 3852 &educerem
1389 3790 1395 3813 ν

175 4032 221 4101 49)
238 4031 337 4102 Agitur
353 4031 407 4088 hoc
424 4029 487 4088 loce
506 4030 541 4086 de
565 4029 673 4103 scriptis
699 4029 916 4093 commentariis,
942 4045 1006 4084 nam
1034 4027 1087 4084 nisi
1103 4029 1253 4099 perscripti

105 4129 212 4192 essent,
229 4123 358 4194 Polybius
376 4123 556 4193 scriptoribus
574 4124 725 4194 opprobrio
743 4127 912 4180 eonvertere
930 4126 1033 4194 posset,
1046 4120 1120 4192 quod
1130 4137 1177 4177 eos
1195 4140 1253 4178 non

107 4215 256 4270 adiissentt
276 4231 338 4271 enm
357 4215 424 4286 ipsis
442 4221 534 4272 sutem
553 4217 716 4287 aequalibus
734 4217 854 4286 colloqui
872 4233 929 4272 non
946 4230 1041 4272 ornnes
1059 4219 1218 4286 potuerant.
