2842 4642
649 78 652 83 ·
728 47 747 108 9

170 213 205 278 in
229 214 412 280 uniuersum
435 219 523 281 reete
545 215 739 299 disputarit,
772 217 813 283 de
835 221 961 283 sumnia
982 237 1090 285 rerum
1120 220 1181 286 erit
1202 241 1315 287 assen-

170 321 330 403 tiendum,
354 343 398 389 sc.
420 343 619 390 communem
641 329 714 390 esse
734 323 870 405 iontem,
900 347 995 411 quem
1025 328 1060 392 in
1087 325 1138 394 his
1159 328 1252 395 libris
1281 335 1315 395 et

168 428 277 496 Livius
306 435 341 495 et
366 430 518 516 Polybius
548 433 648 499 secuti
673 432 747 514 sint,
778 431 825 520 (p.
847 437 888 498 26
912 437 1005 522 etc.);
1036 457 1119 519 quae
1146 457 1219 503 eum
1249 459 1314 504 uon

169 541 256 602 recte
284 536 525 604 demonstrasse
561 544 732 622 putamus,
771 539 856 606 inira
884 543 1124 625 explicabimus.
1184 545 1314 613 Priores

167 644 267 728 igitur
299 645 401 712 libros
430 647 561 713 decadis
582 647 629 712 III
659 649 838 730 mittamus3
878 653 1165 737 quaestionemque
1195 654 1236 719 de
1258 676 1314 738 po·

169 752 360 819 sterioribus
381 754 598 820 instituamus.

255 859 398 938 Quorum
427 862 601 929 maximam
623 862 691 929 lere
712 866 857 947 partem,
887 865 916 930 si
936 865 1119 932 Nissenium
1142 867 1316 950 sequimur,

170 976 325 1062 apparet,
355 970 489 1037 annales
522 977 653 1038 autores
684 971 806 1038 babere
837 993 877 1038 ac
905 979 992 1039 recte
1027 974 1171 1040 homines
1204 976 1316 1041 doctos

166 1077 338 1162 judicasse,
360 1099 432 1144 oum
454 1079 539 1146 solas
561 1101 613 1146 res
624 1079 766 1145 Graecas
783 1101 823 1145 es
837 1080 961 1165 Polybii
975 1081 1158 1165 pragmatio
1169 1081 1315 1166 desump-

170 1190 221 1251 tas
253 1207 324 1252 esse
354 1186 509 1253 dicerent.
562 1188 611 1254 Ao
631 1185 803 1254 Nissenius
835 1188 963 1273 quidem
991 1188 1038 1278 (p.
1063 1189 1120 1277 85)
1142 1189 1318 1276 polybiana

171 1299 267 1378 putat
285 1297 555 1380 oppugnationem
566 1296 798 1381 Syracusarum
813 1297 931 1377 XXIV,
953 1300 1054 1380 4-t;
1078 1302 1206 1365 21-39
1217 1297 1317 1377 XXV,

172 1405 299 1486 23-31
326 1405 595 1488 expugnatIonem
617 1404 760 1486 Tarenti,
781 1403 881 1486 XXV,
905 1409 1022 1473 7-11,
1050 1405 1197 1487 XXVIII,
1221 1412 1317 1472 5-8.

171 1509 289 1590 XXIX,
316 1513 364 1576 12.
387 1510 506 1578 bellum
528 1533 600 1577 oum
624 1511 790 1598 Pbilippo,
813 1512 935 1594 XXIV,
959 1519 1011 1578 40.
1034 1514 1156 1596 XXVI,
1180 1519 1319 1582 24-26.

172 1616 309 1699 XXVII,
334 1621 473 1684 29-32.
496 1619 613 1704 quibus
635 1617 791 1705 equidem
808 1621 988 1686 addiderim
1008 1644 1148 1708 pugnam
1170 1624 1317 1689 navalem
1399 1679 1402 1682 .

172 1723 216 1788 ad
239 1724 412 1792 Tarentum
424 1725 537 1809 XXVI,
548 1731 607 1808 393
627 1724 839 1794 deiectionem
850 1728 1144 1813 Metapontinorum
1159 1729 1318 1796 ethuri-

172 1853 287 1900 uorum
309 1833 406 1920 XXV,
433 1837 488 1918 ¹53
517 1841 550 1902 el
572 1835 728 1902 nonnulla
746 1836 820 1917 alia,
843 1837 884 1902 de
906 1837 1022 1920 quibus
1043 1837 1186 1911 dubitari
1206 1839 1320 1923 possit.
1414 1896 1415 1899 ,

260 1943 323 2010 Sed
342 1965 407 2011 non
421 1945 543 2010 cadunt
563 1946 596 2010 in
621 1946 704 2010 bano
719 1944 872 2028 regulam,
895 1966 978 2030 quae
990 1946 1023 2011 in
1035 1946 1120 2012 libro
1134 1947 1320 2013 Liv.XXlX

173 2048 214 2114 de
236 2048 427 2116 crudelitate
447 2049 626 2116 Plemminii
650 2050 683 2114 in
703 2049 880 2116 Locrenses
902 2072 940 2115 ac
962 2051 1002 2116 de
1024 2054 1094 2137 ejus
1117 2038 1320 2118 accusatione

173 2156 261 2240 apud
282 2164 430 2224 senatum
452 2165 629 2224 narrantur
637 2157 679 2239 7);
701 2179 785 2241 quae
802 2178 1007 2242 quamquam
1030 2159 1072 2223 ad
1094 2159 1206 2224 urbem
1228 2181 1319 2244 grae·

174 2286 245 2331 oum
267 2268 449 2350 pertinent,
471 2273 578 2332 tamen
591 2267 773 2334 Romanum
794 2267 916 2332 babent
940 2272 1086 2334 autorem
1108 2274 1229 2352 auique
1252 2273 1321 2354 ejus

175 2374 303 2456 quidem
323 2373 488 2456 factionis,
521 2395 605 2458 quae
629 2375 788 2459 Scipionis
810 2374 931 2458 gloriae
954 2374 1136 2440 detrectaro
1159 2374 1320 2442 studebat.

174 2481 225 2563 (b.
248 2479 371 2563 XXIX,
394 2502 421 2546 c.
444 2487 540 2548 6-9.
565 2487 708 2566 16-22)
732 2480 789 2549 cir.
813 2480 1041 2547 Weissenborn
1065 2483 1105 2547 ad
1129 2487 1185 2563 29,
1209 2489 1244 2564 9,
1271 2487 1320 2547 12.

175 2589 216 2654 Η.
238 2590 350 2656 Peter:
373 2589 422 2656 De
444 2589 588 2658 fontibus
610 2591 776 2658 Plutarchi
798 2590 832 2656 iu
853 2590 927 2656 vitis
943 2590 1162 2657 Romanorum
1184 2593 1322 2658 conscri-

175 2697 292 2766 bendis
313 2719 344 2783 p.
357 2703 496 2764 al-ao.
540 2700 592 2765 Ad
616 2699 675 2765 bas
690 2699 790 2783 igitur
802 2706 922 2783 partes,
946 2686 1030 2782 quaa
1051 2719 1091 2764 ex
1112 2699 1246 2784 Polybio
1267 2700 1324 2766 de·

177 2813 325 2893 sumptae
354 2808 519 2890 videntur,
549 2810 693 2894 proxime
726 2808 883 2875 accedunt
912 2807 995 2874 aliae
1025 2809 1202 2892 quaedam,
1239 2829 1323 2893 quae

178 2939 248 2983 oum
261 2916 386 3004 Polybii
397 2917 584 3002 fragmentis
601 2917 782 2983 simillimae
804 2917 878 2997 sint,
900 2923 1008 2982 tamen
1027 2917 1182 2982 nonnulla
1202 2917 1325 2982 habent

178 3026 221 3093 ab
243 3027 283 3092 iis
305 3025 421 3107 abeno,
443 3027 491 3091 ita
514 3031 551 3092 ut
571 3027 614 3091 ab
637 3026 687 3107 iis,
711 3025 768 3109 qui
788 3023 987 3090 Lachmauui
1008 3025 1199 3090 seutentiam
1222 3031 1326 3090 secta·

178 3135 314 3215 bantur,
348 3135 390 3199 ad
413 3155 514 3218 genus
537 3134 670 3199 mixtum
698 3133 766 3199 fere
793 3134 957 3217 pertinere
985 3132 1178 3198 dicerentur.
1233 3133 1323 3211 Quas

171 3250 289 3328 ‘partes
325 3263 397 3308 cum
433 3243 467 3308 in
493 3242 585 3309 libris
607 3242 687 3308 Livii
709 3240 961 3308 XXVI—XXX
990 3241 1134 3308 invenire
1164 3247 1323 3326 putarem,

69 3404 71 3408 .
178 3353 305 3419 omissis
327 3351 419 3417 libris
440 3349 652 3416 XXI-XXII
673 3350 750 3416 mihi
773 3350 1005 3436 perquirendas
1028 3352 1199 3435 proposui,
1229 3350 1324 3418 simul

179 3467 217 3527 ut
238 3461 359 3527 iontem
383 3480 509 3541 earum,
537 3466 694 3545 quantum
716 3460 787 3526 fieri
808 3467 919 3544 posset
940 3460 1165 3544 perspicerem.
1214 3459 1325 3544 Atque

178 3591 293 3636 causas
316 3569 463 3654 quidem,
486 3590 543 3634 cur
565 3568 644 3634 baec
666 3589 760 3653 capp.
782 3590 803 3634 a
823 3567 958 3652 reliquis
979 3565 1107 3634 diversa
1128 3573 1324 3652 putaremus,

180 3699 291 3744 omnes
312 3677 494 3760 recensere,
515 3697 579 3743 uon
602 3683 688 3742 esset
710 3677 806 3763 hujus
827 3675 908 3755 loci3
940 3683 1028 3742 certa
1055 3697 1230 3742 consensus
1251 3696 1324 3740 curu

179 3787 304 3874 Polybii
336 3787 525 3872 fragmentis
557 3786 749 3872 gravissima
783 3786 847 3852 erit
879 3806 987 3852 causa.
1058 3784 1112 3850 Ab
1143 3785 1204 3850 boc
1225 3784 1325 3868 igitur

252 3955 280 4023 7)
297 3953 431 4012 Videntur
449 3953 486 4008 ad
504 3951 620 4007 eundem
638 3953 744 4008 fontem
761 3953 898 4023 pertinere
915 3951 1015 4020 XXIV,
1033 3954 1050 4005 7
1058 3953 1130 4019 -9;
1159 3949 1207 4005 ubi
1224 3950 1326 4006 Fabius

180 4047 308 4103 laudibus
326 4047 450 4115 effertur3
479 4046 588 4117 (XXIV,
607 4049 633 4111 9,
654 4047 696 4115 ll)
716 4051 745 4102 et
762 4047 896 4115 XXVIII,
915 4047 951 4100 40
963 4075 983 4084 -
999 4047 1050 4112 45;
1080 4044 1126 4099 bic
1142 4061 1249 4113 quoque
1266 4043 1326 4098 lons

178 4160 241 4198 enm
259 4141 399 4211 voluptate
416 4139 533 4210 quodam
552 4144 660 4208 narrat,
691 4156 772 4210 quam
800 4139 892 4195 inl'esti
914 4142 1007 4208 patres
1029 4141 1058 4192 et
1085 4135 1189 4192 tribuni
1207 4134 1326 4207 Scipioni
1414 4132 1415 4143 ¹

179 4235 287 4292 fuerint.
307 4233 358 4292 cir.
377 4234 413 4291 ll.
430 4234 519 4290 Peter.
536 4235 558 4289 l.
575 4234 595 4288 l.
