2842 4642
98 179 163 242 qua
184 158 286 244 ipsius
309 157 503 226 1411144414
524 159 616 228 Livio
639 170 919 248 coaugmentaret,
946 187 1010 233 non
1033 167 1239 238 4114141444-

98 267 165 347 nit,
187 285 286 351 quam
307 270 344 330 ut
365 265 474 350 inepte
496 267 536 332 ad
554 269 652 336 rerba
667 271 812 337 441114414
823 274 1037 340 vetustiorum
1053 278 1238 361 respiceret.

185 373 271 440 Dicit
292 373 392 458 igitur
414 383 577 443 corrector
597 377 711 460 XXVI,
735 383 787 463 43,
814 385 870 446 10:
903 387 992 465 „tum
1026 388 1115 450 terra
1143 387 1239 451 mari·

98 505 162 568 que
185 483 363 567 oppugnari
384 503 457 550 eam
473 484 604 569 jubct“;
626 491 726 571 atque
747 491 854 572 pergit
874 489 945 573 ipse
964 490 1074 557 Livius
1096 513 1124 557 e.
1143 498 1239 574 44,1.

99 593 201 674 „Ilum
224 597 313 658 terra
334 592 481 676 marique
511 593 630 660 instrui
661 599 933 682 oppugnationem
962 599 1123 683 videret“;
1157 622 1241 685 quae

98 701 278 766 verbositas
300 699 424 766 Livium
452 703 581 768 minime
604 703 744 770 deceret.
795 705 910 790 Itaque
935 708 1004 772 sine
1033 707 1132 775 dubio
1161 708 1242 774 haec

97 809 207 892 capita
228 807 342 888 XXVI,
367 811 418 890 31,
444 812 572 875 18-44
602 809 645 877 ab
674 811 803 878 bomine
829 813 925 880 docto
947 835 1011 880 uon
1034 815 1082 882 ita
1103 817 1187 882 male
1207 817 1241 882 iu

97 917 223 983 Livium
245 917 368 983 inserta
390 922 479 1000 sunt,
501 939 605 1002 nequo
628 940 705 985 vero
726 921 789 1003 ita,
811 927 849 987 ut
869 923 930 990 boc
951 922 1073 990 iactum
1094 945 1167 992 4444
1186 945 1242 991 ae·

98 1027 244 1092 curatius
266 1025 450 1115 inspicienti
472 1047 536 1093 non
558 1033 726 1112 appareat.

187 1135 259 1199 Jam
283 1133 430 1218 sequitur
452 1135 538 1220 apud
561 1143 734 1221 utrumque
752 1139 953 1223 oppugnatio
967 1138 1171 1224 Carthaginis
1185 1162 1242 1207 uo·

1394 65 1418 115 4

98 1263 167 1325 vae,
191 1263 274 1327 quac
294 1243 329 1310 in
350 1241 533 1308 universum
556 1243 668 1310 eodem
699 1244 796 1311 ruodo
822 1251 921 1329 atque
950 1246 1114 1312 interdum
1143 1248 1242 1313 etiam
1330 1288 1332 1291 v
1416 1298 1418 1327 ,

95 1343 213 1419 iisdem
235 1351 344 1420 verbis
366 1358 535 1434 narratur,
566 1353 623 1421 sed
645 1353 749 1418 multa
777 1359 853 1420 sunt
873 1355 960 1439 apud
981 1354 1123 1438 Livium,
1156 1374 1242 1439 quae

98 1461 250 1547 Polybius
272 1483 337 1528 non
359 1460 458 1526 babet
480 1467 578 1546 atque
600 1462 653 1528 vix
673 1461 794 1528 babere
815 1463 932 1546 potnit.

187 1570 297 1636 Livius
318 1569 415 1654 igitur
434 1567 548 1650 XXVI,
571 1575 623 1654 44,
646 1574 664 1634 2
688 1570 782 1652 dicit,
813 1571 977 1638 1141114444
1006 1573 1175 1657 eruptione
1196 1572 1239 1639 ab

100 1677 270 1762 oppidanis
291 1675 379 1743 facta
400 1697 573 1762 parumper
596 1678 746 1760 cessisse,
769 1677 851 1745 duce
872 1680 1107 1764 praecipiente3
1127 1681 1240 1766 Polyb.

99 1787 139 1867 X,
169 1791 217 1868 12,
234 1791 252 1851 7
275 1785 456 1870 Scipionem
478 1787 579 1851 aciem
602 1787 715 1870 procul
738 1787 780 1853 ab
795 1787 876 1854 urbe
889 1787 1058 1872 direxisse3
1078 1795 1117 1855 nt
1131 1790 1241 1856 hostes

100 1897 233 1981 propius
256 1895 296 1962 ad
320 1902 429 1962 castra
451 1895 611 1978 alliceret,
631 1933 676 1945 -
698 1896 862 1979 callidius,
885 1902 985 1982 atque
1006 1896 1047 1964 ob
1069 1897 1104 1964 id
1124 1898 1241 1983 ipsum,

99 2006 134 2072 ni
159 2005 271 2086 fallor,
292 2005 408 2085 verius,
431 2024 529 2089 quam
551 2025 635 2089 quae
655 2003 766 2070 Livius
796 2005 912 2076 babet.
945 2006 1022 2090 qnia
1043 2026 1169 2091 semper
1189 2028 1242 2072 res

99 2121 150 2182 est
172 2113 288 2180 summi
309 2113 453 2203 periculi,
477 2112 634 2180 militibus
656 2113 855 2198 praecipere,
878 2119 915 2180 nt
936 2114 1022 2181 inter
1035 2114 1243 2200 pugnandum

100 2223 226 2291 cedant.
252 2259 291 2271 -
336 2220 418 2287 Turn
439 2220 554 2302 XXVI,
577 2226 630 2304 44,
654 2225 684 2287 6.
707 2222 816 2288 Livius
838 2222 997 2294 tumulum
1018 2221 1170 2290 Mercurii
1186 2245 1243 2290 no·

99 2333 217 2412 minat,
239 2352 334 2416 quem
345 2329 498 2416 Polybius
518 2351 623 2415 neque
645 2329 808 2411 hocloco,
831 2329 871 2413 X,
898 2334 948 2411 13,
970 2350 1075 2415 neque
1095 2331 1129 2396 iu
1149 2350 1242 2396 accu-

99 2448 174 2508 rata
189 2440 394 2524 Carthaginis
410 2440 624 2524 descriptione
647 2439 747 2506 babet
765 2439 804 2520 X,
818 2444 867 2504 10.
912 2438 1036 2505 Deinde
1045 2438 1114 2506 Lis.
1127 2439 1242 2519 XXVI,

102 2554 162 2631 44,
197 2552 320 2614 10-11
367 2552 535 2628 narratur,
579 2547 678 2613 etiam
723 2568 763 2611 ex
809 2546 944 2612 nauibus
987 2545 1130 2612 escensio
1171 2565 1242 2611 esse

99 2659 201 2739 facta3
233 2654 335 2744 (quod
359 2654 511 2740 Polybius
532 2653 742 2738 nonhabet),
775 2652 832 2719 sed
854 2651 1000 2733 additur,
1024 2671 1088 2718 nun
1106 2650 1241 2718 multum

99 2767 160 2833 hoc
182 2771 301 2831 conatu
324 2785 396 2830 4444
418 2762 583 2839 effectum,
604 2760 739 2844 perinde
761 2759 854 2844 quasi
876 2759 1015 2843 scriptor
1035 2777 1166 2824 mouere
1185 2777 1242 2822 ue·

99 2876 155 2956 lit,
179 2873 292 2959 nequis
314 2874 465 2954 miretur,
489 2873 557 2957 ejus
580 2870 628 2936 rei
649 2868 736 2954 apud
760 2867 841 2934 alios
862 2866 1057 2934 mentionem
1074 2886 1139 2932 uon
1155 2864 1241 2937 fieri..
1282 2921 1284 2926 .

102 2985 186 3050 Tum
208 2982 322 3065 XXVI,
346 2985 399 3062 45,
423 2984 442 3046 2
464 2978 574 3045 Livius
597 2977 689 3059 dicit,
719 2976 824 3044 scalas
847 2974 1012 3042 breviores
1033 2980 1067 3041 et
1087 2973 1241 3040 infirmio-
1327 3029 1332 3038 .

102 3115 153 3158 res
175 3093 292 3172 fuisse,
324 3111 422 3175 quam
443 3087 560 3173 quibus
583 3087 617 3152 in
646 3085 774 3152 moenia
806 3083 935 3150 ascendi
965 3083 1142 3167 potuisset,
1163 3082 1240 3148 dnm

101 3202 211 3288 Polyb.
237 3202 275 3281 X,
302 3205 350 3280 13,
375 3197 531 3276 61141144,
565 3194 667 3262 solam
689 3193 894 3260 altitudinem
915 3193 1016 3258 414114
1045 3192 1242 3258 munimento

101 3311 209 3377 fuisse.
253 3309 321 3374 Liv.
343 3306 457 3387 XXVI,
481 3309 563 3386 45,6
588 3302 719 3370 dicitnr.
741 3321 828 3386 aqua
849 3321 913 3366 non
935 3299 1038 3365 solum
1060 3304 1241 3364 aestuasse

102 3419 283 3498 1414114444,
306 3414 362 3480 sed
384 3411 605 3498 septentrione
627 3409 740 3490 etiam,
763 3408 820 3491 qui
841 3413 991 3491 stagnum
1013 3405 1144 3488 eodem,
1176 3425 1241 3490 quo

102 3533 224 3608 aestus,
247 3526 385 3590 tulisset.
429 3518 516 3588 Nihil
538 3519 578 3586 de
600 3518 662 3584 hac
681 3537 718 3582 14
739 3514 902 3600 Polybius.
947 3513 1039 3591 Quae
1048 3533 1077 3578 c.
1089 3518 1142 3595 47,
1158 3517 1241 3578 1--3

102 3639 144 3703 de
166 3655 300 3703 numero
322 3632 521 3716 captivorum
544 3627 638 3694 aliter
658 3644 755 3711 quam
777 3623 846 3689 Pol.
867 3622 907 3705 X,
933 3626 1017 3704 ll,‘l
1042 3621 1144 3688 allata
1156 3628 1241 3700 sunt,

101 3768 141 3812 ea
163 3767 228 3812 non
249 3735 442 3829 persequor,
475 3739 551 3823 quia
573 3755 684 3802 errore
716 3732 860 3799 codicum
889 3731 949 3797 tali
970 3732 1004 3797 iu
1031 3751 1067 3796 re
1091 3730 1242 3797 facillime

102 3855 274 3922 diversitas
297 3851 376 3918 oriri
398 3848 523 3934 potuit,
547 3844 603 3911 411.
626 3867 652 3910 4.
666 3847 718 3924 49,
736 3843 830 3905 1-7.
874 3838 935 3917 Qui
954 3844 1133 3923 apparatus
1154 3837 1241 3920 belli,

102 3964 211 4048 signa,
233 3959 395 4040 ballistae,
415 3956 496 4038 alia,
520 3959 615 4040 capta
638 3951 712 4032 sint,
737 3969 821 4034 quae
843 3969 870 4014 c.
894 3953 946 4029 47,
971 3951 1056 4012 4-14
1079 3967 1242 4030 exponun-

103 4079 167 4150 tur,
189 4069 274 4153 apud
296 4066 462 4153 Polybium
487 4085 552 4130 nou
574 4066 668 4141 sunt,
690 4064 749 4124 aut
770 4057 958 4126 exciderunt
979 4056 1020 4139 X,
1046 4057 1095 4138 12,
1117 4059 1153 4137 63
1174 4060 1242 4137 aut,

104 4173 190 4253 quod
214 4174 293 4238 mibi
315 4172 517 4257 probabilius
539 4169 675 4248 ridetur,
698 4167 826 4234 omnino
848 4187 913 4232 non
934 4169 1029 4232 erant
1049 4163 1241 4250 perscripta,
