2842 4642
50 447 57 717 l

691 57 729 117 17

137 224 214 311 quia
234 223 366 292 annales
394 224 428 290 in
459 223 510 290 his
540 223 636 292 rebus
670 224 898 292 enumerandis
920 224 1013 291 multi
1037 233 1151 308 eraut3
1184 225 1279 313 Poly·

20 385 22 424 ,
137 331 208 397 bius
241 337 349 398 autom
383 349 447 398 non
480 331 590 414 magni
612 351 668 397 eas
689 332 850 398 aestimat.
896 331 965 411 (cfr.
988 332 1106 399 Nissen
1135 354 1169 418 p.
1197 337 1280 418 105.)

138 438 200 506 Sed
221 439 308 523 apud
330 439 454 505 Liuium
476 439 591 522 XXVI,
615 443 669 522 47,
698 459 850 505 uumerus
882 440 954 505 auri
985 442 1178 525 argentique
1190 441 1279 526 capti

138 547 244 613 minor
264 552 327 624 est,
358 567 456 631 quam
479 546 589 632 Polyb.
612 546 659 630 X,
697 551 747 628 19,
771 551 808 628 23
840 552 940 630 atque
962 546 1023 614 boo
1046 549 1175 632 quidem
1205 549 1279 614 loco

139 654 227 721 nulla
237 655 383 722 codicum
394 655 500 740 culpa.
523 655 647 722 Deinde
669 655 705 722 1..
721 654 847 738 XXVI,
876 659 942 738 41,
977 661 997 721 8
1021 655 1057 722 C.
1090 657 1278 736 Flaminius,

53 828 54 836 ,
142 769 291 848 quaestor
311 763 469 847 Scipionis
493 770 772 846 commemoratur,
795 767 886 849 cujus
907 764 1060 850 Polybius
1083 767 1279 831 mentionem

53 884 57 963 Ῐ,
142 891 304 956 uunquam
326 871 413 953 lacit,
436 892 631 956 quemquam
654 873 784 956 saepius
806 875 926 956 sopior
948 878 1054 938 vocat.
1098 873 1189 952 Quae
1211 873 1281 940 Liv.

139 977 259 1062 XXVI,
293 983 334 1047 48
357 977 398 1044 de
431 979 561 1045 donatis
583 980 715 1046 coronis
737 980 915 1047 muralibus
935 979 1095 1065 leguntur,
1117 980 1204 1065 apud
1224 981 1285 1048 Po·

53 1102 56 1183 ξ
140 1087 263 1172 lybiam
286 1105 350 1154 non
369 1087 595 1169 inveniuntur,
627 1097 726 1173 atque
749 1109 768 1154 a
791 1088 974 1173 pragmatio
1007 1090 1137 1156 omnino
1170 1089 1285 1156 abesse

52 1244 57 1283 ,
139 1193 375 1280 debebaut¹⁴)‚
406 1200 444 1259 ut
476 1194 557 1260 nulli
579 1196 736 1262 momenti
757 1194 799 1260 ad
823 1194 901 1260 belli
931 1201 1088 1262 eventum.
1134 1195 1284 1276 Accedit,

52 1294 56 1305 ’
141 1302 228 1386 quod
265 1301 344 1368 baec
377 1323 455 1389 pars
476 1303 661 1370 nominibus
684 1305 928 1385 centurionum,
951 1304 1155 1372 tribunorum
1178 1325 1285 1371 roma·

51 1481 52 1491 ,
141 1429 258 1474 norum
294 1411 417 1494 repleta
439 1416 510 1493 est,
547 1411 581 1476 in
614 1431 697 1494 quae
726 1410 895 1477 referenda
923 1411 1078 1496 Polybius
1104 1433 1169 1479 nou
1202 1411 1286 1478 solet

49 1535 52 1605 4
142 1536 253 1582 curam
286 1518 481 1602 impendere.
540 1520 669 1604 (Nissen
699 1541 746 1603 p.
771 1519 862 1606 105.)
931 1519 1022 1598 Quae
1054 1519 1088 1585 iu
1124 1519 1285 1604 capitibus

48 1621 49 1683 3
144 1629 272 1690 49—51
298 1625 381 1691 Livii
401 1627 523 1708 insunt,
547 1626 698 1712 Polybius
722 1648 849 1711 quoque
870 1634 992 1708 narrat,
1015 1628 1073 1694 sod
1093 1628 1190 1694 modo
1213 1626 1287 1693 bre·

46 1712 50 1817 ,¹
146 1733 217 1799 vius
240 1734 334 1800 modo
350 1737 532 1811 accuratius
544 1738 707 1819 exposita,
731 1736 827 1802 modo
836 1756 971 1821 prorsus
985 1737 1088 1804 aliter.
1113 1735 1285 1817 (LXXVI,

43 1887 45 1932 5
146 1845 198 1923 49,
223 1842 450 1908 10-19=-.P.
472 1844 521 1925 Χ,
559 1849 615 1925 ss,
642 1849 671 1908 7.
729 1843 766 1908 Ι..
789 1864 817 1908 c.
841 1849 902 1926 49,
927 1843 1140 1910 7-1o.—.P.
1162 1843 1210 1924 Χ,
1235 1846 1285 1925 15,

43 1933 46 2015 ³:
149 1952 242 2013 1-s.
287 1949 353 2015 mv.
377 1951 491 2032 xxu,
516 1951 660 2018 so=a
682 1951 723 2030 Χ,
751 1956 800 2032 19,
826 1951 962 2039 3-11.)
990 1952 1099 2019 uiue.
1120 1956 1172 2016 91.
1193 1951 1287 2018 uest

146 2057 233 2140 apud
270 2056 458 2143 Polybium,
493 2059 549 2126 sod
585 2059 696 2126 eodem
718 2059 814 2125 modo
838 2065 1003 2125 narratum
1026 2081 1117 2142 esse,
1141 2081 1181 2126 ex
1202 2058 1289 2143 frag·

40 2225 41 2228 ,
144 2171 255 2232 mento
278 2171 416 2249 apparet
437 2167 473 2231 P.
496 2167 540 2249 X,
565 2171 616 2232 20.
648 2207 657 2216 ,.

221 2272 388 2340 Videmus
412 2274 526 2358 igitur,
550 2275 652 2340 multa
672 2275 778 2341 inesse
800 2275 834 2340 in
855 2274 937 2339 Livii
970 2275 1175 2358 narratione,
1205 2295 1290 2359 quse

146 2378 299 2465 Polybius
329 2401 391 2448 non
425 2381 536 2464 affort;
566 2402 650 2466 quae
679 2382 780 2466 igitur
809 2402 850 2447 ex
882 2401 919 2447 eo
943 2401 1099 2447 conversa
1130 2402 1195 2448 uon
1217 2402 1290 2450 esse

33 2550 36 2563 ,
148 2494 294 2572 possunt.
339 2489 410 2567 Quo
432 2491 552 2557 factum
577 2495 643 2571 est,
665 2494 704 2556 ut
729 2488 917 2555 Lachmann
938 2488 986 2570 11,
1008 2493 1052 2554 48
1073 2495 1108 2556 ct
1128 2490 1289 2557 Weissen-

32 2617 33 2641 .
148 2593 229 2662 born
250 2595 284 2662 in
313 2602 459 2664 annotat.
482 2596 606 2679 XXVI,
636 2603 696 2677 44,
726 2601 811 2661 6-9
833 2595 958 2662 Livium
988 2595 1142 2663 hocloco
1164 2602 1290 2682 putent,

146 2725 220 2770 cum
241 2703 375 2790 Polybio
397 2704 479 2772 alios
503 2704 637 2772 annales
659 2705 890 2789 composuisse.
933 2703 1026 2783 Quod
1049 2725 1121 2770 eum
1153 2725 1219 2772 non
1239 2705 1290 2772 ta·

147 2833 222 2878 care
243 2812 374 2880 solitum
397 2833 480 2894 esse,
503 2835 577 2880 cnm
598 2813 766 2880 Nissenius
791 2811 947 2893 docuerit,
969 2813 1130 2896 inaperto
1145 2819 1292 2895 osteum

29 2963 31 3012 5
148 2918 318 3005 Polybium
341 2919 494 2988 hocloco
518 2940 582 2985 non
598 2920 700 3004 sequi.
747 2919 811 2986 Sed
834 2941 906 2986 cum
929 2925 1061 3004 praeter
1081 2920 1165 2986 hunc
1186 2921 1291 2988 diver·

29 3022 32 3031 '
146 3028 278 3094 sitstsm
297 3047 362 3094 non
384 3027 487 3094 solum
508 3029 594 3093 inter
608 3032 712 3092 totam
723 3027 954 3107 narrationem,
970 3028 1191 3093 verumetiam
1208 3029 1294 3095 inter

28 3141 33 3175 ²
147 3136 277 3220 singula
297 3135 397 3203 verba
418 3155 561 3202 summus
584 3136 628 3201 sit
649 3153 840 3212 consensus,
862 3138 1016 3217 apparet,
1047 3134 1177 3217 utrique
1205 3153 1291 3206 com·

149 3263 279 3308 munem
300 3263 371 3310 osse
393 3241 513 3310 iontem
529 3240 574 3326 1⁵).
631 3240 704 3306 Non
724 3239 912 3324 ignoramus
934 3239 1082 3325 quidem,
1111 3240 1199 3326 apud
1220 3262 1287 3310 om·

224 3389 268 3456 14)
286 3388 345 3443 Pol.
364 3387 399 3456 X,
420 3390 462 3456 ll,
481 3385 555 3442 6-8
573 3388 667 3441 narrat
684 3385 796 3455 quidem
815 3388 879 3440 anta
897 3384 1126 3455 expugnationem
1143 3386 1221 3441 urbis
1232 3385 1291 3443 Sci·

148 3479 262 3551 pionem
274 3478 393 3552 [poecis
402 3479 551 3547 στεφάνους
572 3477 748 3549 promisisse,
766 3477 815 3532 sod
839 3477 904 3531 indo
921 3476 958 3532 ad
973 3481 1098 3532 nomm
1116 3478 1207 3534 locum
1225 3479 1294 3534 nihil

147 3574 280 3644 aequitum
315 3574 387 3635 liam
406 3590 467 3628 rem
480 3574 569 3642 ipsam
588 3576 697 3642 poterat
714 3571 844 3642 Polybius
862 3587 1094 3639 commemorare,
1111 3571 1161 3628 sod
1178 3573 1293 3631 alteror

146 3664 254 3720 tionem
271 3665 301 3719 in
319 3665 416 3720 castris
433 3664 553 3720 remonis
573 3668 663 3720 ortam
681 3663 728 3720 vix
744 3663 882 3734 putandus
900 3666 943 3718 sot
959 3665 1107 3721 amram.
1204 3732 1207 3735 ¹
1232 3717 1233 3720 ,
1270 3727 1280 3738 ,

224 3755 270 3826 15)
286 3757 426 3812 Firmatur
452 3757 589 3812 sententia
614 3760 709 3812 nostra
735 3757 856 3812 Nissenii
886 3756 976 3812 uerbis
994 3775 1025 3828 p.
1041 3759 1087 3812 86.
1107 3757 1154 3838 qui
1171 3757 1200 3811 in
1219 3756 1291 3813 libro

150 3849 334 3904 XXI-XXII
356 3866 442 3918 aequo
461 3865 494 3904 ao
508 3848 538 3903 in
554 3848 689 3918 Scipionis
706 3848 926 3918 expeditionibus
943 3866 1117 3906 communem
1133 3848 1236 3905 foutsm
1252 3850 1295 3904 in·

149 3941 240 3997 veniri
258 3945 345 4011 putat
381 3940 518 4011 Exempla
535 3939 736 3994 similitudinis:
754 3941 788 3995 L.
805 3941 903 4006 XXVI,
921 3942 967 4012 44,
984 3944 1002 3996 7
1019 3961 1056 3990 ==
1073 3941 1104 3998 P.
1123 3939 1175 4009 X„
1201 3943 1249 4010 10,
1267 3945 1294 3996 4.

146 4037 204 4098 26,
222 4034 274 4098 45,
295 4039 311 4090 3
330 4055 364 4082 =
383 4035 424 4099 X,
444 4036 487 4103 16,
505 4035 531 4089 3.
552 4035 595 4102 26,
617 4034 663 4097 46,
683 4036 700 4089 9
718 4055 753 4082 =
772 4034 807 4100 X,
827 4038 870 4105 14,
890 4037 1006 4091 11-19.
1041 4037 1087 4099 Pb.
1103 4036 1149 4097 49,
1167 4035 1238 4088 7-8
1259 4055 1291 4080 =

144 4123 187 4188 x,
204 4125 278 4194 1⁶,s
297 4128 326 4178 e
344 4127 375 4192 7,
395 4126 440 4194 ss,
457 4126 503 4190 49,
524 4127 556 4178 11
576 4143 611 4170 =
630 4123 664 4193 Χ,
685 4124 729 4192 rs,
746 4124 768 4177 1.
806 4127 858 4194 se,
877 4125 929 4193 51,
955 4127 1027 4178 s-s
1047 4145 1080 4170 =
1098 4123 1134 4190 Χ,
1154 4121 1199 4187 so,
1219 4125 1288 4179 1-9
1403 4160 1404 4195 ,

146 4216 213 4270 alia.
1403 4212 1404 4229 ¹

991 4316 1010 4375 2
