2842 4642
188 160 340 246 legiones,
361 179 445 244 quae
453 159 514 226 sub
531 158 684 227 Ma1·oello
707 159 870 246 stipendia
890 158 1043 241 iecerint,
1073 160 1183 230 Livius
1204 163 1326 248 signifi·

183 273 253 349 cet,
284 268 476 351 praesertim
503 289 577 334 cum
585 267 747 351 LXXVI,
760 274 818 351 28,
844 273 884 335 10
893 267 1039 335 Marcelli
1061 270 1326 340 milites'dimisai

182 374 257 440 sint.
307 374 422 459 Itaque
449 375 577 442 videtur
606 376 678 442 lons
702 376 758 442 ille
779 376 998 461 discrepantia
1030 376 1073 444 ab
1105 378 1148 444 iis
1177 399 1323 460 uomere,

183 482 322 564 quaein
343 481 508 566 prioribus
529 483 622 548 libris
645 485 826 568 perscripta
847 490 958 562 erant,
991 504 1095 567 usque
1125 485 1228 568 magis
1250 505 1324 550 oum

182 587 221 654 iis
244 589 451 670 conveniunt,
474 608 558 673 quae
580 597 770 673 sequuntur.
815 589 901 658 Nam
922 591 979 657 ubi
1000 590 1108 674 Scipio
1129 591 1163 658 iu
1185 591 1325 657 Africam

183 698 378 780 trajeeturus
388 697 528 780 legiones
543 697 682 780 inspicit,
693 696 730 762 L.
741 697 857 780 XXIX,
873 700 1013 779 12-13,
1035 699 1125 765 solas
1138 697 1323 766 Cannenses

181 801 322 886 legiones
352 803 437 887 apud
463 824 535 870 eum
559 805 783 887 inveniuntur,
805 805 984 889 dequibus
1010 805 1122 872 eadem
1144 805 1211 872 lere
1240 827 1324 890 quae

183 909 325 976 hocloco
336 909 539 994 L.XXIX,I,
552 913 592 976 12
615 911 854 996 praedicentur.
898 914 1015 996 Itaque
1036 911 1125 994 lons,
1149 934 1246 997 quern
1266 913 1322 980 Li·

181 1014 251 1080 vius
272 1014 334 1080 hoc
356 1014 426 1081 loeo
448 1015 595 1099 seqnitur
616 1037 722 1100 neque
743 1037 817 1082 cum
837 1016 877 1082 iis
898 1036 981 1100 quae
1003 1016 1205 1098 antecedunt,
1219 1037 1324 1101 neque

179 1141 253 1188 oum
275 1122 324 1207 iis,
335 1137 419 1205 quae
441 1128 619 1206 sequuntur
641 1121 723 1190 bene
732 1124 882 1208 conjungi
893 1128 1023 1206 potest3
1044 1122 1184 1190 fortasse
1194 1124 1237 1190 ad
1249 1145 1322 1190 eum

178 1231 339 1314 pertinet,
362 1232 418 1316 qui
440 1251 492 1297 ree
514 1230 722 1298 Locrensium
743 1231 860 1313 XXIX,
883 1235 969 1296 6-8
991 1236 1053 1298 eto.
1076 1232 1323 1313 narravit3uam

178 1343 317 1421 utroque
332 1336 402 1407 loeo
418 1359 468 1404 res
480 1337 678 1406 Graecorum
701 1339 734 1404 in
757 1337 865 1406 Sicilia
886 1344 921 1404 et
942 1337 1223 1422 ItaliaaScipione
1238 1339 1322 1406 ordi·

178 1452 274 1512 natae
307 1451 520 1528 exponuntur,
543 1467 570 1511 c.
596 1448 629 1526 l,
654 1448 800 1527 15-183
822 1453 856 1512 et
870 1452 967 1513 autor
988 1467 1096 1512 rerum
1104 1447 1322 1532 Locrensium,

177 1573 204 1616 c.
229 1556 282 1632 22,
306 1554 347 1616 12
369 1550 473 1632 affert,
496 1550 636 1636 Scipioni
658 1553 849 1636 permissum
870 1573 952 1634 esse,
960 1560 997 1617 ut
1012 1575 1052 1618 ex
1063 1554 1104 1619 iis
1118 1554 1321 1637 exerdtibus,

176 1661 233 1743 qui
263 1661 298 1726 iu
329 1659 437 1726 Sicilia
459 1667 577 1742 essent,
600 1660 718 1727 milites
740 1661 882 1745 eligeret,
905 1661 990 1747 quod
1014 1681 1116 1745 aeque
1141 1683 1214 1729 cum
1246 1684 1320 1729 uos·

175 1773 228 1834 tro
250 1766 320 1833 loco
343 1769 514 1848 consentit,
537 1789 576 1836 ac
598 1770 640 1835 ab
664 1773 717 1850 28,
741 1774 794 1850 45,
820 1772 859 1834 13
881 1774 942 1834 etc.
965 1769 1124 1835 dissentit.

265 1874 354 1953 Quae
375 1875 493 1942 deinde
514 1876 635 1958 XXIX,
660 1879 697 1957 1,
722 1880 848 1958 19-3,
881 1881 901 1945 5
930 1876 970 1942 de
990 1877 1225 1950 rebellanthus
1246 1877 1318 1944 His·

175 1983 270 2066 panis
291 1983 401 2050 Livius
423 1984 541 2064 habet,
564 1984 606 2049 ad
628 1984 764 2051 eundem
785 1984 929 2065 iontem,
956 2005 1053 2068 quem
1084 1990 1182 2050 autea
1210 1985 1243 2050 in
1266 1983 1318 2050 bis

177 2089 306 2173 populis
327 2091 505 2174 usurpavit,
532 2090 701 2158 reicienda
724 2112 795 2158 esse
817 2091 937 2176 aliquis
947 2091 1054 2158 dicere
1064 2093 1183 2174 possit,
1205 2113 1317 2176 quam·

175 2218 273 2280 quam
294 2220 353 2265 nos
375 2205 499 2265 certum
519 2201 675 2283 iudicium
699 2222 764 2266 non
786 2199 929 2267 ierimus.
971 2200 1100 2267 Etenim
1121 2221 1194 2266 oum
1208 2199 1318 2268 Livius

175 2302 321 2386 XXVIII,
347 2309 398 2386 38,
423 2308 440 2371 1
464 2304 645 2389 Scipionem
675 2327 716 2372 ex
744 2307 910 2389 provincia
940 2304 1148 2374 decedentem
1174 2305 1212 2372 L.
1233 2305 1316 2374 Len·

178 2412 248 2478 tulo
270 2418 304 2479 et
333 2412 370 2478 L.
400 2412 532 2480 Manilio
562 2413 711 2480 Acidalio
740 2413 988 2498 proconsulibus
1019 2414 1188 2498 imperium
1218 2414 1318 2481 tradi·

173 2521 260 2588 disse
283 2526 459 2601 narrasset,
482 2520 558 2586 dum
580 2519 732 2605 Polybius
755 2519 863 2587 Sileno
886 2521 1086 2588 detumesce
1102 2520 1204 2602 dixit,
1227 2525 1316 2588 recte

172 2627 234 2695 hoo
255 2627 340 2694 libro
382 2627 498 2710 XXIX,
522 2633 559 2710 2,·
593 2630 609 2693 1
644 2628 741 2694 iidem
773 2628 929 2694 Lentulus
951 2637 985 2695 et
1004 2627 1155 2694 Manilius
1176 2649 1315 2711 procon-

170 2734 256 2801 sules
278 2734 436 2800 nominati
455 2740 531 2801 suut
552 2735 589 2800 L.
611 2735 727 2817 XXIX,
751 2738 782 2816 1,
806 2739 946 2801 25-16.
991 2735 1184 2801 Mandonius
1206 2740 1241 2802 et
1260 2733 1316 2800 Iu·

171 2841 279 2906 dibilis
308 2841 513 2924 Ausetanos,
543 2841 722 2908 Sedetanos
752 2841 832 2908 elios
860 2841 996 2926 populos
1025 2841 1187 2922 excitant,
1214 2845 1314 2924 atque

170 2947 206 3012 in
226 2969 305 3032 agro
327 2946 561 3015 Sedetanorum
584 2950 786 3030 conueniunt,
809 2948 866 3014 ubi
888 2949 986 3015 etiam
1008 2948 1202 3030 LXXVIII,
1223 2950 1274 3029 31,
1293 2953 1312 3012 7
1411 3038 1412 3043 ἵ

171 3055 290 3122 stativa
311 3054 503 3137 habuerant,
526 3062 560 3123 et
582 3077 676 3140 quem
699 3056 736 3122 L.
758 3054 903 3136 XXVIII,
928 3059 979 3137 24,
1004 3059 1023 3120 3
1045 3055 1186 3139 primum
1207 3075 1313 3140 popu-

169 3162 227 3228 luti
250 3169 354 3230 erant.
407 3163 515 3231 Etiam
549 3165 585 3231 L.
608 3163 734 3247 XXIX,
758 3169 789 3246 2,
822 3169 840 3230 5
869 3168 959 3230 recte
982 3162 1134 3248 Ilergetes
1165 3161 1313 3230 Indibilis

168 3273 340 3356 populares
363 3271 523 3340 dicuntur.
911 3358 913 3361 Ι

255 3379 368 3465 Neque
400 3402 477 3448 roro
498 3381 579 3446 haee
601 3401 642 3446 ex
673 3379 807 3466 Polybio
839 3380 1009 3463 desumpta
1037 3385 1121 3445 sunt.
1164 3378 1308 3446 Primum

172 3487 256 3552 enim
278 3486 372 3553 valde
401 3486 615 3554 dubitandum
636 3487 715 3569 erit,
738 3509 816 3553 num
836 3486 892 3553 ille
913 3491 981 3552 tam
1003 3491 1153 3552 accurate
1175 3487 1235 3552 bas
1256 3506 1308 3551 res

172 3595 369 3676 narraverit3
398 3595 484 3680 quod
513 3595 541 3661 si
561 3593 655 3676 lecit,
678 3595 731 3660 vix
752 3594 814 3661 hoo
834 3595 905 3660 loco
926 3594 1040 3660 fecisse
1062 3593 1226 3679 putandus
1248 3598 1309 3659 est.

166 3699 249 3766 Tum
266 3723 344 3769 vero
356 3703 457 3786 ipsius
467 3723 596 3787 pugnae
619 3703 793 3788 descriptio
815 3701 945 3768 minime
966 3707 1017 3768 est
1033 3700 1219 3786 Polybiane.
1243 3699 1309 3766 No·

163 3809 328 3877 minantur·
351 3831 378 3878 o.
390 3813 419 3892 2,
429 3797 463 3876 “8
486 3817 519 3876 et
543 3815 582 3876 10
605 3811 674 3877 Ser.
697 3810 881 3889 Cornelius,
903 3811 1052 3875 tribunus
1075 3808 1228 3889 militum
1250 3828 1307 3873 no·

162 3914 330 3982 minantur
356 3917 482 3982 numeri
504 3913 666 4000 legionum
688 3936 716 3980 c.
740 3919 770 3996 2,
795 3918 911 3980 9-10.
936 3912 1061 3979 Deinde
1082 3931 1109 3979 c.
1133 3916 1164 3992 2,
1194 3909 1307 3976 14111-

164 4019 272 4088 dibilis
303 4043 376 4118 cum
408 4023 554 4108 equitatu
585 4030 662 4091 ante
691 4024 797 4109 prima
819 4023 913 4108 sigua
943 4041 978 4089 se
999 4019 1155 4105 objecisse
1176 4018 1306 4098 dicitur,
1399 4006 1413 4011 ‘'

163 4128 221 4196 sed
249 4130 283 4197 in
314 4129 420 4198 medio
451 4137 523 4198 erat
551 4151 659 4218 pugna
687 4130 848 4218 pedestris
869 4151 898 4196 c.
920 4132 952 4211 2,
977 4128 1105 4210 9-113
1134 4125 1305 4194 intervalla
