2842 4642
748 12 791 79 511

193 191 300 256 autem
323 184 409 271 apud
430 183 555 252 Livium
575 181 697 266 XXIX,
721 188 780 267 16,
816 187 901 250 3-7
931 175 1149 250 narrationem
1181 180 1223 250 de
1250 182 1333 251 mira

194 295 278 380 regis
300 292 416 379 Pyrrhi
438 297 543 358 morte
564 300 700 376 propter
722 291 896 377 spoliatum
920 289 1135 374 Proserpinae
1162 289 1332 376 templum,

194 408 228 471 81
248 401 364 484 XXIX,
391 405 440 484 18,
468 405 506 467 16
537 399 727 466 miraculum
757 398 936 484 quoddam,
958 399 992 463 in
1022 397 1104 464 bello
1125 398 1332 466 Locrensium

196 531 267 578 cum
291 508 554 578 Crotoniensibus
576 509 706 576 iactum.
752 509 928 574 Praeterea
949 512 1058 574 antem
1087 505 1253 573 81018888
1278 506 1333 594 (de

194 625 276 688 8881.
298 619 340 700 Π,
367 622 416 701 12,
454 621 495 683 54
518 615 559 682 (18
580 616 663 702 legg.
686 616 720 699 Ι,
744 621 775 698 2,
799 616 961 682 61188188
985 619 1044 697 26,
1081 618 1155 698 102)
1178 616 1333 700 81188188

195 725 295 793 (icelii
321 726 503 810 fragmenta
530 723 773 806 demonstrant,
804 745 878 790 cum
905 729 977 789 arte
1005 721 1167 789 rhetorica
1201 723 1333 790 annales

195 833 384 920 expolivissc
405 838 505 918 81888
528 834 692 903 orationes
724 831 897 899 addidisse.
942 833 1000 898 818.
1031 831 1070 897 ir.
1101 836 1156 913 293
1191 836 1247 913 2⁷3
1283 835 1332 898 16.

196 942 235 1010 ed
258 941 403 1008 Meltzer.
448 942 506 1006 cfr.
529 940 618 1007 Ldon
641 940 682 1006 dc
704 939 841 1021 Clossct,
864 939 949 1007 essai
972 961 1028 1007 sur
1042 938 1334 1024 l'historiographie

196 1052 253 1118 des
273 1050 429 1117 Romains
452 1049 600 1134 (annales
622 1049 681 1116 des
702 1049 892 1117 uniuersitds
913 1049 954 1114 de
976 1048 1127 1134 Belgique
1164 1051 1335 1114 1847-48

194 1181 228 1246 p.
250 1162 450 1247 ars-479).
496 1158 592 1243 Apud
626 1158 753 1224 Livium
788 1163 896 1226 autem
919 1157 1039 1238 XXIX,
1073 1161 1177 1238 6-9,
1208 1159 1334 1222 16-22

194 1270 281 1336 18188
302 1287 408 1351 88888
429 1268 538 1352 888118
560 1266 740 1351 permultas
752 1267 914 1333 orationes
929 1271 962 1331 81
970 1266 1153 1350 rogationes
1169 1264 1335 1349 leguntur:

194 1376 299 1444 888118
318 1374 529 1442 Locrensium
549 1376 669 1459 XXIX,
695 1378 839 1457 17-183
871 1375 977 1442 888118
998 1373 1095 1440 Fabii
1125 1373 1254 1455 XXIX,
1281 1378 1334 1457 19;

195 1485 302 1552 oratio
323 1482 445 1548 Metelli
467 1481 584 1566 XXIX,
608 1488 659 1563 20,
684 1483 789 1551 888118
811 1483 973 1567 praetoris
993 1481 1115 1561 XXIX,
1137 1485 1200 1563 21;
1232 1483 1336 1548 cratin

194 1591 373 1677 legatorum
395 1610 599 1658 romanorum
621 1589 745 1673 XXIX,
769 1594 942 1674 22,1-6.
995 1589 1087 1668 Quod
1117 1609 1194 1656 vcro
1223 1588 1337 1656 Cicero

196 1699 251 1788 (de
273 1703 404 1766 8881888
426 1699 475 1783 Π,
499 1703 555 1782 12,
580 1704 632 1766 54.
664 1700 837 1785 (181881,
862 1705 901 1782 2,
931 1697 1134 1788 6)08811888
1163 1697 1335 1783 vituperat,

195 1813 234 1874 nt
262 1827 328 1874 888
357 1807 439 1874 88118
468 1807 664 1892 perpolitum
693 1805 759 1874 leni
787 1811 821 1873 et
846 1805 1007 1893 aequabili
1038 1810 1148 1872 tractu
1179 1805 1336 1872 orationis

195 1915 381 2000 viribusque
401 1916 583 2002 agrestibus
605 1913 782 1998 borridum,
807 1953 847 1966 -
868 1915 944 1984 inde
964 1915 1103 1983 18818888
1125 1921 1199 1981 8818
1219 1919 1271 1980 881
1290 1913 1336 1980 lo·

196 2023 343 2110 88881188
364 2023 431 2106 1118,
453 2044 525 2090 cum
550 2045 615 2111 888
628 2023 665 2090 L.
676 2023 793 2106 XXIX,
806 2027 826 2090 6
838 2030 899 2091 818.
912 2023 1025 2090 fluunt.
1040 2021 1098 2090 cfr.
1107 2001 1336 2090 Weissenborn

197 2129 250 2199 ad.
272 2130 389 2214 XXIX,
413 2134 443 2214 6,
467 2134 518 2198 12.

282 2239 397 2324 118888
419 2238 448 2306 81
468 2259 579 2306 remur
600 2244 660 2321 881,
683 2241 808 2322 omnia,
831 2259 915 2326 quae
936 2238 978 2304 de
1000 2235 1110 2305 088118
1138 2236 1231 2305 noble
1259 2243 1338 2305 nota

197 2352 283 2429 8881,
305 2347 404 2413 ctiam
426 2346 515 2431 apud
536 2345 660 2414 Livium
681 2346 798 2433 XXIX,
821 2350 851 2417 6.
875 2353 936 2414 818.
959 2346 1105 2424 inveniri,
1119 2347 1223 2413 minus
1240 2347 1337 2413 etiam

196 2453 236 2522 fit
256 2454 445 2536 verisimile,
475 2455 654 2522 eiectum
682 2456 872 2523 autoritatis
903 2453 1023 2535 181888,
1054 2460 1093 2521 81
1121 2453 1230 2522 Livius
1264 2475 1337 2521 cum

195 2582 424 2650 permagnam
447 2569 576 2648 8881888
598 2562 730 2632 decadis
751 2565 870 2632 tertiae
892 2564 985 2652 88881
1007 2563 1178 2648 potuisset.
1220 2563 1336 2630 Fabel-

196 2670 369 2754 18888188,
392 2669 733 2755 somnia,miraeula,
760 2673 833 2758 8818
862 2672 897 2738 18
922 2691 962 2740 88
992 2670 1082 2738 18818
1110 2669 1337 2756 reprehendat,

196 2773 292 2863 quem
319 2779 354 2844 in
382 2777 540 2864 Scipionis
570 2779 828 2865 expeditionibus
859 2784 1051 2864 nsrnpatum
1079 2799 1150 2846 8888
1171 2778 1337 2846 diximus?

197 2883 269 2952 Non
291 2886 340 2952 118
361 2905 435 2953 raro
457 2889 554 2955 etiam
576 2885 704 2956 0881188
727 2909 748 2955 8
766 2889 935 2973 proposito
956 2886 1084 2954 ridetur
1105 2886 1278 2972 digressus,
1301 2895 1339 2955 nt

197 2993 419 3078 antiqnitates,
442 2993 508 3062 8118
528 2997 709 3063 narrationi
731 2996 944 3080 immisceret3
964 2994 1037 3080 (cir.
1058 2994 1099 3061 18.
1123 2999 1186 3076 10,
1210 2999 1262 3079 58,
1285 2999 1338 3079 10,

197 3101 255 3183 61,
279 3102 330 3166 62.
354 3099 394 3167 od
415 3100 560 3169 Meltzcr.
604 3102 692 3170 Ldon
715 3103 757 3169 do
779 3102 948 3171 01888811.
970 3101 993 3168 l.
1015 3124 1048 3188 8.
1072 3100 1153 3191 478)
1175 3105 1264 3189 cujus
1286 3104 1334 3170 rei

197 3208 232 3274 in
252 3208 292 3275 118
314 3207 397 3275 Livii
419 3208 586 3293 partibus,
609 3210 650 3277 dc
672 3211 789 3296 quibus
811 3231 870 3279 nos
888 3211 1028 3298 agimus,
1052 3210 1133 3277 nihil
1154 3229 1232 3278 sane
1252 3210 1338 3279 iuve-

197 3311 296 3378 nitur.
319 3311 448 3379 -Sed
473 3315 570 3380 etiam
593 3335 647 3382 res
669 3315 860 3384 falsissimas
888 3321 988 3402 atque
1007 3313 1130 3382 homini
1154 3313 1265 3383 sobrio
1285 3316 1339 3383 rix

195 3416 372 3485 credendas
396 3417 523 3487 Coelius
545 3420 664 3489 afferre
685 3441 784 3490 ausus
806 3428 875 3505 881,
905 3443 1007 3508 quare
1026 3424 1094 3509 jam
1107 3421 1164 3488 lib.
1186 3419 1272 3500 XXI,
1295 3423 1337 3489 47

197 3523 306 3592 Livius
329 3547 403 3594 cunr
425 3525 563 3612 refutat,
596 3536 634 3597 ut
660 3529 870 3598 fabulantem.
899 3529 957 3597 818.
990 3530 1030 3595 18.
1052 3535 1095 3597 49
1125 3529 1166 3598 ed
1193 3529 1338 3599 Meltzer.

198 3632 290 3714 Quod
313 3635 416 3718 magis
440 3637 537 3703 etiam
559 3644 699 3724 apparet
722 3659 763 3708 ex
785 3639 867 3705 Livii
888 3638 961 3706 libr.
982 3637 1096 3721 XXIX,
1121 3642 1162 3705 25
1176 3643 1210 3704 et
1220 3639 1338 3721 XXIX,

197 3743 238 3806 27
261 3739 317 3806 ubi
338 3740 446 3808 Liuius
470 3741 571 3812 088111
592 3745 691 3813 verba
715 3767 788 3813 cum
816 3745 923 3813 ironia
953 3744 1048 3812 affert
1075 3751 1174 3831 atquo
1202 3747 1338 3813 maxime

195 3845 292 3915 illud:
326 3847 500 3918 »Volucrss
523 3852 566 3918 ad
587 3859 710 3920 terram
732 3853 882 3939 delapsos
912 3854 1053 3920 clamore
1081 3851 1249 3920 militnm«
1280 3853 1337 3921 818.

196 3956 235 4023 ln.
260 3959 399 4023 15-56.
442 3958 615 4028 Meltzerus
635 3968 787 4044 8888181,
822 3981 857 4030 88
879 3983 944 4030 888
966 3960 1155 4047 intelligere,
1178 3961 1339 4046 quomodo

203 4062 332 4130 Coelius
363 4064 443 4132 18118
475 4069 619 4151 88188811
647 4090 799 4153 narrare,
833 4068 920 4155 quod
946 4069 1080 4136 sanein
1101 4067 1253 4136 Meltzero
1274 4091 1338 4136 non

198 4175 249 4236 881
269 4172 397 4256 mirum,
420 4173 539 4261 quippo
564 4175 620 4262 qui
643 4175 785 4244 Coelium
809 4196 953 4246 summac
973 4173 1050 4242 fidei
1070 4180 1166 4260 88181
1180 4180 1337 4245 autorem.
