2842 4642
747 16 765 74 7

180 189 283 273 magis
305 187 474 266 miremur,
506 204 579 252 cum
610 187 677 271 jam
700 183 926 251 Lachmannus
946 183 990 266 11,
1012 203 1044 268 p.
1059 185 1101 249 32
1124 181 1246 268 largius
1267 202 1325 249 ex·

180 301 352 382 posuerat,
382 296 417 360 in
438 293 500 360 hac
519 292 591 378 ipsa
613 313 724 378 pugna
748 291 910 360 Cannensi
931 291 1145 360 describenda
1157 290 1282 358 Livium
1304 313 1325 357 a

180 403 315 491 Polybio
336 403 431 487 longe
453 401 616 470 diversum
639 422 720 468 esse.

267 511 331 578 Sed
353 511 410 596 qui
431 509 572 576 Nissenii
593 515 763 578 accuratas
795 509 1003 595 quaestiones
1031 509 1073 576 de
1100 529 1218 594 genere
1247 513 1325 576 scri·

181 619 287 688 beudo
309 618 442 686 Liuiano
464 619 652 704 inspexerit,
675 624 858 704 cognoscet,
880 639 992 686 omncs
1005 618 1078 685 illos
1093 620 1223 702 saepius
1233 621 1327 704 quasi

180 728 297 795 falsam
319 726 484 812 quandum
506 728 645 812 speciem
668 727 847 794 sectoriae
869 747 978 794 rerum
1004 724 1239 811 verborumque
1267 725 1326 793 sal·

182 837 246 904 laci
268 832 477 904 similitudine
499 835 653 921 deceptos
674 837 761 903 inter
782 857 817 902 se
837 835 1017 920 pugnantia
1038 838 1096 900 aut
1117 855 1181 902 uon
1196 834 1325 917 vidisse,

183 950 241 1012 eut
270 943 357 1011 lucili
389 941 485 1011 modo
508 943 697 1028 explicanda
718 943 892 1028 putavisse.
923 942 979 1028 (Η.
1000 942 1135 1023 Nissen,
1157 941 1325 1020 Quaestio·

182 1073 240 1118 nes
268 1052 401 1120 criticae
430 1049 472 1118 de
503 1050 646 1118 fontibus
676 1050 809 1118 decedis
834 1051 879 1117 1v
901 1055 936 1116 et
958 1049 987 1116 V
1015 1049 1178 1117 Livianae.
1228 1049 1328 1119 Bero-

182 1159 241 1226 tini
265 1157 374 1246 1863).

270 1264 454 1332 Censebant
482 1265 583 1348 enim,
622 1265 704 1333 Livii
733 1286 815 1351 opus
844 1286 886 1333 ex
916 1264 1022 1331 tribus
1054 1265 1148 1350 quasi
1179 1265 1328 1351 pertibus

182 1374 396 1458 compositum
418 1395 504 1456 esse3
527 1395 567 1440 ex
588 1395 663 1456 una,
686 1379 738 1453 (ut
758 1373 974 1440 recentiorum
996 1373 1104 1440 uerbis
1125 1376 1214 1460 utar)
1231 1395 1328 1459 quam

182 1503 271 1549 mere
299 1481 519 1568 polybienam,
551 1504 592 1548 ex
613 1475 735 1565 altine,
773 1503 871 1580 qpam
900 1502 990 1548 mere
1016 1480 1256 1564 annalisticam,
1289 1505 1329 1550 cx

183 1590 292 1671 tertia,
314 1609 412 1674 quam
434 1589 485 1654 his
506 1587 634 1655 duabus
656 1570 804 1672 partibus
835 1589 922 1654 inter
955 1609 990 1654 se
1014 1590 1193 1676 conjunctis
1211 1594 1245 1656 et
1277 1611 1328 1656 co·

183 1696 401 1782 augmentatis
422 1716 523 1782 genus
545 1695 707 1762 scribendi
729 1697 864 1762 mixtum
885 1694 1095 1781 appellabant
1106 1696 1144 1781 ²).
1188 1696 1252 1764 Sed
1274 1719 1329 1782 ge·

183 1826 245 1872 nus
264 1804 347 1872 illud
367 1804 503 1872 mixtum
529 1804 659 1871 omuino
684 1801 763 1869 ferri
784 1824 849 1870 non
870 1822 965 1886 posse
992 1805 1060 1889 jam
1081 1802 1158 1870 inde
1181 1813 1328 1889 apparet,

183 1912 270 1998 quod
299 1912 339 1978 iis
362 1917 490 1978 tautum
512 1910 591 1978 locis
614 1911 749 1978 inveniri
770 1916 894 1995 potest,
928 1911 985 1995 qui
1013 1933 1087 1978 cum
1117 1913 1257 1980 maxima
1288 1935 1329 1981 ex

184 2026 277 2106 parte
306 2018 474 2106 Polybium
502 2024 652 2086 autorem
687 2018 857 2085 videantur
883 2021 992 2104 sequi,
1030 2020 1191 2086 nonnullis
1220 2020 1329 2103 rebus,

183 2128 286 2212 iisque
308 2126 415 2210 falsis,
439 2148 479 2194 ex
500 2125 672 2193 annalibus
693 2125 872 2211 desumptis
894 2127 999 2211 magis
1020 2126 1206 2211 depravati,
1232 2152 1329 2215 quam

185 2235 322 2304 correcti
344 2240 436 2318 suut3
473 2234 561 2320 quod
581 2239 688 2302 autern
711 2256 873 2320 nunquam
896 2235 975 2316 loci,
1004 2235 1038 2300 in
1066 2237 1249 2304 universum
1271 2261 1329 2305 an-

184 2341 305 2408 nalium
344 2341 439 2408 modo
470 2340 663 2424 conscripti,
696 2361 738 2406 ex
767 2339 948 2425 pragmatio
976 2339 1155 2425 Polybiane
1182 2344 1271 2408 aucti
1296 2352 1330 2409 et

183 2449 373 2536 amplificati
394 2453 479 2516 sunt.
522 2448 685 2516 Videbunt
707 2447 768 2516 hoc
790 2449 932 2534 antiqui3
954 2447 1013 2515 sed
1035 2449 1237 2516 mirabantur
1258 2457 1328 2518 tan·

183 2563 270 2639 turn,
304 2557 390 2642 quod
424 2557 514 2624 Livio
535 2556 678 2624 studium
711 2556 843 2640 fuisset,
881 2555 973 2623 lalcis
1010 2559 1262 2627 narratiunculis
1295 2569 1328 2627 et

183 2664 312 2734 labellis
343 2666 562 2732 narrationem
586 2663 712 2752 Polybii
733 2663 962 2747 maculandi³).

270 2771 454 2841 Accedebat
474 2773 517 2839 ad
540 2773 626 2840 hunc
649 2795 794 2841 errorem
820 2773 915 2840 alius.
941 2771 1040 2839 Liber
1061 2771 1108 2838 111
1128 2772 1214 2838 enim
1236 2770 1329 2857 Poly·

184 2883 231 2950 bii
252 2887 287 2949 et
308 2880 566 2948 ILXXI-XXII
587 2882 670 2950 Livii
691 2903 764 2949 cum
787 2881 848 2950 soli
869 2881 987 2967 integri
1008 2887 1117 2950 essent
1138 2880 1329 2959 conservati,

185 2990 346 3076 aptissimi
373 2989 577 3076 putabuntur
604 2989 647 3058 ad
678 2989 942 3075 comparandum.
996 2989 1040 3054 Et
1061 2994 1149 3055 recte
1180 2988 1327 3074 quidem,

185 3098 243 3166 sed
266 3098 300 3165 in
321 3117 361 3164 eo
383 3096 550 3181 errabant,
571 3096 658 3183 quod
680 3097 815 3165 eandem
838 3098 1013 3180 rationem,
1041 3117 1139 3182 quam
1161 3097 1195 3162 in
1217 3096 1267 3162 his
1289 3095 1328 3162 li·

185 3205 253 3273 bris
275 3207 374 3272 ctiam
405 3205 439 3271 in
461 3205 578 3272 ceteris
609 3206 696 3273 iuter
725 3206 808 3274 duos
828 3205 903 3274 illos
932 3205 1106 3291 scriptores
1127 3198 1328 3273 intercedere

258 3370 287 3439 2)
304 3370 404 3426 Lucas.
420 3370 439 3426 l.
458 3370 479 3424 1.
495 3387 523 3440 p.
546 3371 602 3428 1⁷.:
629 3370 724 3426 Livius
741 3373 848 3426 autres
872 3386 890 3425 a
907 3369 1022 3439 Polybio
1039 3374 1164 3426 narratus
1186 3370 1236 3440 iia,
1259 3388 1329 3441 quse

185 3462 259 3536 apud
276 3464 416 3520 annalium
434 3463 582 3534 scriptores
600 3464 779 3535 legebantur,
797 3463 990 3535 amplificavit,
1015 3467 1064 3521 aut
1089 3464 1175 3520 mtius
1198 3481 1246 3520 eas
1263 3482 1328 3522 oon-

183 3555 277 3612 traxit.
316 3555 368 3612 clr.
388 3555 421 3613 0.
438 3557 566 3623 Meltuer,
584 3557 620 3614 dc
644 3557 736 3614 Caelio
760 3556 852 3628 Antip.
870 3574 899 3627 p.
917 3560 962 3612 tt.
1004 3554 1135 3614 Similiter
1153 3557 1271 3628 judicet.
1297 3559 1328 3614 0.

184 3648 274 3704 Peter.
292 3648 311 3702 l.
328 3649 349 3704 l.
366 3666 395 3719 p.
413 3650 459 3706 tc.

257 3741 286 3812 3)
304 3740 400 3806 Doleo,
416 3740 446 3795 in
463 3741 581 3812 epistole
590 3741 776 3798 bibliothecae
785 3741 933 3798 univcrsdi
944 3741 1045 3798 Gener.
1058 3744 1137 3797 1819.
1155 3740 1192 3806 11,
1209 3741 1327 3812 p.50sq.

184 3832 266 3890 insite
284 3833 455 3904 [lachmann
462 3833 568 3904 11,91):
587 3834 631 3890 En
649 3833 762 3906 general
773 3829 826 3905 j’ai
843 3834 987 3904 reumque
1003 3833 1072 3890 dans
1089 3834 1116 3888 le
1133 3834 1205 3904 petit
1212 3835 1328 3891 nombre

185 3925 220 3982 de
239 3927 378 3997 chapitres
395 3925 431 3982 de
449 3927 512 3982 Tite
529 3927 611 3999 Livc,
629 3945 682 3999 que
696 3925 748 3998 j'ui
764 3945 799 3984 eu
817 3927 945 3985 occasion
963 3927 999 3983 dc
1015 3943 1160 3998 comparer
1175 3945 1242 3983 avec
1258 3945 1328 3984 ceux

183 4018 219 4076 dc
237 4019 352 4090 Polybo,
370 4035 423 4090 qne
440 4023 530 4076 tontes
547 4021 588 4076 les
606 4020 671 4087 lois,
689 4038 743 4092 que
759 4021 787 4078 le
804 4021 924 4091 premier
940 4025 1037 4076 auteur
1054 4036 1089 4075 eu
1106 4020 1220 4090 copiunt
1242 4021 1269 4076 le
1286 4039 1326 4077 sc·

183 4112 269 4177 cond,
290 4110 424 4184 ysjoursit
447 4129 483 4170 ou
506 4131 524 4184 y
541 4111 672 4187 chnngsit
688 4115 806 4184 quelque
825 4114 923 4184 chose,
948 4112 970 4168 il
986 4128 1017 4168 se
1033 4113 1144 4168 mettuit
1167 4129 1203 4168 en
1218 4119 1327 4171 eontra·

182 4203 287 4264 diction
303 4221 370 4263 avec
387 4205 424 4262 lui
443 4206 548 4280 meme,
565 4225 601 4266 cu
618 4208 639 4264 il
658 4225 693 4265 en
710 4206 836 4265 resulutt
854 4207 973 4277 quelque
992 4205 1141 4262 absurditt.
