<?xml version="1.0" encoding="UTF-8"?>
<!DOCTYPE html PUBLIC "-//W3C//DTD XHTML 1.0 Transitional//EN"
    "http://www.w3.org/TR/xhtml1/DTD/xhtml1-transitional.dtd">
<html xmlns="http://www.w3.org/1999/xhtml" xml:lang="en" lang="en">
 <head>
  <title>
</title>
<meta http-equiv="Content-Type" content="text/html;charset=utf-8" />
  <meta name='ocr-system' content='tesseract 3.04.00' />
  <meta name='ocr-capabilities' content='ocr_page ocr_carea ocr_par ocr_line ocrx_word'/>
</head>
<body>
  <div class='ocr_page' id='page_1' title='image "./liviusetpolybiu03friegoog_0026.png"; bbox 0 0 2842 4642; ppageno 0'>
   <div class='ocr_carea' id='block_1_1' title="bbox 668 21 708 81">
    <p class='ocr_par' dir='ltr' id='par_1_1' title="bbox 668 21 708 81">
     <span class='ocr_line' id='line_1_1' title="bbox 668 21 708 81; baseline 0.025 -1"><span class='ocrx_word' id='word_1_1' title='bbox 668 21 708 81; x_wconf 81' lang='lat'>22</span> 
     </span>
    </p>
   </div>
   <div class='ocr_carea' id='block_1_2' title="bbox 127 183 1275 592">
    <p class='ocr_par' dir='ltr' id='par_1_2' title="bbox 127 183 1275 486">
     <span class='ocr_line' id='line_1_2' title="bbox 127 183 1272 274; baseline 0.003 -24"><span class='ocrx_word' id='word_1_2' title='bbox 127 183 293 262; x_wconf 81' lang='lat' dir='ltr'>excitasse,</span> <span class='ocrx_word' id='word_1_3' title='bbox 327 184 548 271; x_wconf 78' lang='lat' dir='ltr'>Suessetanos,</span> <span class='ocrx_word' id='word_1_4' title='bbox 581 187 763 256; x_wconf 74' lang='lat' dir='ltr'>Lacetanos</span> <span class='ocrx_word' id='word_1_5' title='bbox 785 186 976 274; x_wconf 91' lang='lat' dir='ltr'>populasse,</span> <span class='ocrx_word' id='word_1_6' title='bbox 1000 209 1081 274; x_wconf 90' lang='lat' dir='ltr'>quos</span> <span class='ocrx_word' id='word_1_7' title='bbox 1102 185 1272 274; x_wconf 80' lang='lat' dir='ltr'>Polybius,</span> 
     </span>
     <span class='ocr_line' id='line_1_3' title="bbox 127 291 1275 382; baseline 0.001 -23"><span class='ocrx_word' id='word_1_8' title='bbox 127 291 184 360; x_wconf 92' lang='lat' dir='ltr'>ubi</span> <span class='ocrx_word' id='word_1_9' title='bbox 204 292 245 361; x_wconf 90' lang='lat' dir='ltr'>de</span> <span class='ocrx_word' id='word_1_10' title='bbox 266 292 328 361; x_wconf 83' lang='lat' dir='ltr'>bac</span> <span class='ocrx_word' id='word_1_11' title='bbox 348 316 385 364; x_wconf 91' lang='lat' dir='ltr'>re</span> <span class='ocrx_word' id='word_1_12' title='bbox 407 296 485 382; x_wconf 87' lang='lat' dir='ltr'>agit,</span> <span class='ocrx_word' id='word_1_13' title='bbox 520 316 585 364; x_wconf 90' lang='lat' dir='ltr'>non</span> <span class='ocrx_word' id='word_1_14' title='bbox 606 295 720 380; x_wconf 84' lang='lat' dir='ltr'>affert,</span> <span class='ocrx_word' id='word_1_15' title='bbox 742 296 779 362; x_wconf 92' lang='lat' dir='ltr'>P.</span> <span class='ocrx_word' id='word_1_16' title='bbox 801 296 857 380; x_wconf 94' lang='lat' dir='ltr'>XI,</span> <span class='ocrx_word' id='word_1_17' title='bbox 880 301 932 378; x_wconf 97' lang='grc'>26,</span> <span class='ocrx_word' id='word_1_18' title='bbox 957 302 976 363; x_wconf 88' lang='grc'><strong>6</strong></span> <span class='ocrx_word' id='word_1_19' title='bbox 999 305 1033 364; x_wconf 84' lang='grc'>61</span> <span class='ocrx_word' id='word_1_20' title='bbox 1054 296 1183 365; x_wconf 90' lang='lat' dir='ltr'>omnino</span> <span class='ocrx_word' id='word_1_21' title='bbox 1202 315 1275 362; x_wconf 90' lang='lat' dir='ltr'>non</span> 
     </span>
     <span class='ocr_line' id='line_1_4' title="bbox 128 403 401 486; baseline 0 -18"><span class='ocrx_word' id='word_1_22' title='bbox 128 420 225 486; x_wconf 89' lang='lat' dir='ltr'>saepe</span> <span class='ocrx_word' id='word_1_23' title='bbox 246 403 401 470; x_wconf 88' lang='lat' dir='ltr'>nomiuat.</span> 
     </span>
    </p>

    <p class='ocr_par' dir='ltr' id='par_1_3' title="bbox 214 503 1274 592">
     <span class='ocr_line' id='line_1_5' title="bbox 214 503 1274 592; baseline 0 -22"><span class='ocrx_word' id='word_1_24' title='bbox 214 503 318 574; x_wconf 87' lang='lat' dir='ltr'>Duces</span> <span class='ocrx_word' id='word_1_25' title='bbox 351 507 519 574; x_wconf 83' lang='lat' dir='ltr'>seditionis</span> <span class='ocrx_word' id='word_1_26' title='bbox 549 506 636 592; x_wconf 85' lang='lat' dir='ltr'>apud</span> <span class='ocrx_word' id='word_1_27' title='bbox 659 506 727 573; x_wconf 82' lang='lat' dir='ltr'>biv.</span> <span class='ocrx_word' id='word_1_28' title='bbox 749 505 903 588; x_wconf 85' lang='lat' dir='ltr'>XXVIII,</span> <span class='ocrx_word' id='word_1_29' title='bbox 926 508 979 588; x_wconf 85' lang='grc'><strong>24,</strong></span> <span class='ocrx_word' id='word_1_30' title='bbox 1003 507 1055 588; x_wconf 84' lang='grc'>13,</span> <span class='ocrx_word' id='word_1_31' title='bbox 1080 504 1118 572; x_wconf 78' lang='lat' dir='ltr'>(I.</span> <span class='ocrx_word' id='word_1_32' title='bbox 1150 503 1274 572; x_wconf 80' lang='lat' dir='ltr'>Albius</span> 
     </span>
    </p>
   </div>
   <div class='ocr_carea' id='block_1_3' title="bbox 130 608 1274 702">
    <p class='ocr_par' dir='ltr' id='par_1_4' title="bbox 130 608 1274 702">
     <span class='ocr_line' id='line_1_6' title="bbox 130 608 1274 702; baseline 0.002 -26"><span class='ocrx_word' id='word_1_33' title='bbox 130 608 285 696; x_wconf 87' lang='lat' dir='ltr'>Galenus,</span> <span class='ocrx_word' id='word_1_34' title='bbox 308 613 344 682; x_wconf 79' lang='lat' dir='ltr'>(I.</span> <span class='ocrx_word' id='word_1_35' title='bbox 366 613 481 682; x_wconf 82' lang='lat' dir='ltr'>Atrius</span> <span class='ocrx_word' id='word_1_36' title='bbox 503 615 626 682; x_wconf 82' lang='lat' dir='ltr'><strong>Umber</strong></span> <span class='ocrx_word' id='word_1_37' title='bbox 648 615 875 702; x_wconf 80' lang='lat' dir='ltr'>nominantur3</span> <span class='ocrx_word' id='word_1_38' title='bbox 903 611 991 697; x_wconf 86' lang='lat' dir='ltr'>apud</span> <span class='ocrx_word' id='word_1_39' title='bbox 1012 613 1182 699; x_wconf 80' lang='lat' dir='ltr'>Polybium</span> <span class='ocrx_word' id='word_1_40' title='bbox 1203 633 1274 678; x_wconf 91' lang='lat' dir='ltr'>non</span> 
     </span>
    </p>
   </div>
   <div class='ocr_carea' id='block_1_4' title="bbox 127 721 1323 3177">
    <p class='ocr_par' dir='ltr' id='par_1_5' title="bbox 127 721 1323 2298">
     <span class='ocr_line' id='line_1_7' title="bbox 128 721 1273 809; baseline -0.001 -21"><span class='ocrx_word' id='word_1_41' title='bbox 128 728 274 808; x_wconf 78' lang='grc'><strong>6661661,</strong></span> <span class='ocrx_word' id='word_1_42' title='bbox 297 724 437 792; x_wconf 83' lang='lat' dir='ltr'>fortasse</span> <span class='ocrx_word' id='word_1_43' title='bbox 480 725 683 805; x_wconf 83' lang='lat' dir='ltr'>exciderant,</span> <span class='ocrx_word' id='word_1_44' title='bbox 719 724 775 790; x_wconf 87' lang='lat' dir='ltr'>sed</span> <span class='ocrx_word' id='word_1_45' title='bbox 799 744 863 790; x_wconf 90' lang='lat' dir='ltr'>non</span> <span class='ocrx_word' id='word_1_46' title='bbox 885 723 955 790; x_wconf 90' lang='lat' dir='ltr'>sine</span> <span class='ocrx_word' id='word_1_47' title='bbox 977 723 1089 809; x_wconf 89' lang='lat' dir='ltr'>aliqua</span> <span class='ocrx_word' id='word_1_48' title='bbox 1121 721 1273 790; x_wconf 73' lang='grc'><strong>6661166116</strong></span> 
     </span>
     <span class='ocr_line' id='line_1_8' title="bbox 128 829 1274 917; baseline 0.002 -23"><span class='ocrx_word' id='word_1_49' title='bbox 128 831 236 913; x_wconf 87' lang='lat' dir='ltr'>specie</span> <span class='ocrx_word' id='word_1_50' title='bbox 266 832 416 899; x_wconf 88' lang='lat' dir='ltr'>contendi</span> <span class='ocrx_word' id='word_1_51' title='bbox 437 837 568 917; x_wconf 89' lang='lat' dir='ltr'>potest,</span> <span class='ocrx_word' id='word_1_52' title='bbox 591 852 645 899; x_wconf 87' lang='lat' dir='ltr'>cos</span> <span class='ocrx_word' id='word_1_53' title='bbox 666 832 700 898; x_wconf 91' lang='lat' dir='ltr'>in</span> <span class='ocrx_word' id='word_1_54' title='bbox 720 831 906 915; x_wconf 76' lang='lat' dir='ltr'>pragmatio</span> <span class='ocrx_word' id='word_1_55' title='bbox 927 829 1032 896; x_wconf 91' lang='lat' dir='ltr'>Iocum</span> <span class='ocrx_word' id='word_1_56' title='bbox 1053 831 1182 898; x_wconf 87' lang='lat' dir='ltr'>omnino</span> <span class='ocrx_word' id='word_1_57' title='bbox 1204 849 1274 896; x_wconf 90' lang='grc'>666</span> 
     </span>
     <span class='ocr_line' id='line_1_9' title="bbox 127 935 1274 1022; baseline 0.001 -20"><span class='ocrx_word' id='word_1_58' title='bbox 127 935 288 1006; x_wconf 84' lang='lat' dir='ltr'>babuisse.</span> <span class='ocrx_word' id='word_1_59' title='bbox 332 939 369 1005; x_wconf 88' lang='lat' dir='ltr'>L.</span> <span class='ocrx_word' id='word_1_60' title='bbox 391 938 552 1020; x_wconf 88' lang='lat' dir='ltr'>XXVIII,</span> <span class='ocrx_word' id='word_1_61' title='bbox 576 943 635 1020; x_wconf 90' lang='grc'>26,</span> <span class='ocrx_word' id='word_1_62' title='bbox 660 941 678 1002; x_wconf 94' lang='grc'><strong>6</strong></span> <span class='ocrx_word' id='word_1_63' title='bbox 701 937 847 1022; x_wconf 87' lang='lat' dir='ltr'>legimus,</span> <span class='ocrx_word' id='word_1_64' title='bbox 868 935 1038 1005; x_wconf 87' lang='lat' dir='ltr'>seditiosos</span> <span class='ocrx_word' id='word_1_65' title='bbox 1067 937 1187 1003; x_wconf 85' lang='lat' dir='ltr'>milites</span> <span class='ocrx_word' id='word_1_66' title='bbox 1208 935 1274 1003; x_wconf 90' lang='lat' dir='ltr'>sub</span> 
     </span>
     <span class='ocr_line' id='line_1_10' title="bbox 129 1044 1274 1132; baseline -0.001 -20"><span class='ocrx_word' id='word_1_67' title='bbox 129 1066 277 1112; x_wconf 89' lang='lat' dir='ltr'>occasum</span> <span class='ocrx_word' id='word_1_68' title='bbox 311 1046 389 1113; x_wconf 89' lang='lat' dir='ltr'>solis</span> <span class='ocrx_word' id='word_1_69' title='bbox 419 1046 648 1132; x_wconf 80' lang='lat' dir='ltr'>Carthaginem</span> <span class='ocrx_word' id='word_1_70' title='bbox 678 1067 793 1114; x_wconf 79' lang='lat' dir='ltr'>novam</span> <span class='ocrx_word' id='word_1_71' title='bbox 822 1046 967 1128; x_wconf 79' lang='lat' dir='ltr'>uenisse,</span> <span class='ocrx_word' id='word_1_72' title='bbox 998 1045 1086 1130; x_wconf 87' lang='lat' dir='ltr'>qnod</span> <span class='ocrx_word' id='word_1_73' title='bbox 1111 1044 1180 1112; x_wconf 92' lang='lat' dir='ltr'>Pol.</span> <span class='ocrx_word' id='word_1_74' title='bbox 1203 1065 1274 1112; x_wconf 91' lang='lat' dir='ltr'>non</span> 
     </span>
     <span class='ocr_line' id='line_1_11' title="bbox 130 1148 1274 1235; baseline 0 -19"><span class='ocrx_word' id='word_1_75' title='bbox 130 1148 248 1234; x_wconf 88' lang='lat' dir='ltr'>habet;</span> <span class='ocrx_word' id='word_1_76' title='bbox 270 1149 306 1216; x_wconf 90' lang='lat' dir='ltr'>L.</span> <span class='ocrx_word' id='word_1_77' title='bbox 329 1151 486 1235; x_wconf 90' lang='lat' dir='ltr'>XXVIII,</span> <span class='ocrx_word' id='word_1_78' title='bbox 517 1156 577 1234; x_wconf 89' lang='grc'>26,</span> <span class='ocrx_word' id='word_1_79' title='bbox 601 1153 636 1218; x_wconf 94' lang='grc'>11</span> <span class='ocrx_word' id='word_1_80' title='bbox 664 1149 897 1234; x_wconf 88' lang='lat' dir='ltr'>impedimenta</span> <span class='ocrx_word' id='word_1_81' title='bbox 920 1155 1037 1235; x_wconf 88' lang='lat' dir='ltr'>quarta</span> <span class='ocrx_word' id='word_1_82' title='bbox 1068 1148 1177 1235; x_wconf 81' lang='lat' dir='ltr'>vigilia</span> <span class='ocrx_word' id='word_1_83' title='bbox 1198 1169 1274 1216; x_wconf 88' lang='lat' dir='ltr'>esse</span> 
     </span>
     <span class='ocr_line' id='line_1_12' title="bbox 128 1255 1271 1343; baseline -0.003 -19"><span class='ocrx_word' id='word_1_84' title='bbox 128 1255 294 1342; x_wconf 87' lang='lat' dir='ltr'>profecta,</span> <span class='ocrx_word' id='word_1_85' title='bbox 316 1260 434 1328; x_wconf 87' lang='lat' dir='ltr'>milites</span> <span class='ocrx_word' id='word_1_86' title='bbox 458 1259 518 1327; x_wconf 90' lang='lat' dir='ltr'>sub</span> <span class='ocrx_word' id='word_1_87' title='bbox 540 1258 643 1326; x_wconf 88' lang='lat' dir='ltr'>lucem</span> <span class='ocrx_word' id='word_1_88' title='bbox 666 1258 758 1343; x_wconf 89' lang='lat' dir='ltr'>signa</span> <span class='ocrx_word' id='word_1_89' title='bbox 779 1257 936 1340; x_wconf 83' lang='lat' dir='ltr'>movisse3</span> <span class='ocrx_word' id='word_1_90' title='bbox 966 1257 1022 1326; x_wconf 87' lang='lat' dir='ltr'>sed</span> <span class='ocrx_word' id='word_1_91' title='bbox 1044 1256 1114 1324; x_wconf 89' lang='lat' dir='ltr'>Pol.</span> <span class='ocrx_word' id='word_1_92' title='bbox 1136 1257 1192 1339; x_wconf 91' lang='lat' dir='ltr'>XI,</span> <span class='ocrx_word' id='word_1_93' title='bbox 1215 1259 1271 1340; x_wconf 87' lang='grc'><strong>27,</strong></span> 
     </span>
     <span class='ocr_line' id='line_1_13' title="bbox 129 1361 1273 1452; baseline 0.003 -24"><span class='ocrx_word' id='word_1_94' title='bbox 129 1361 200 1446; x_wconf 80' lang='grc' dir='ltr'>61μά</span> <span class='ocrx_word' id='word_1_95' title='bbox 224 1369 268 1452; x_wconf 73' lang='grc' dir='ltr'>τῷ</span> <span class='ocrx_word' id='word_1_96' title='bbox 290 1368 469 1452; x_wconf 71' lang='grc' dir='ltr'><strong>6666166ιά</strong></span> <span class='ocrx_word' id='word_1_97' title='bbox 492 1371 546 1452; x_wconf 73' lang='grc' dir='ltr'>τῆς</span> <span class='ocrx_word' id='word_1_98' title='bbox 567 1369 772 1452; x_wconf 75' lang='grc' dir='ltr'><strong><em>παρασκευῆς</em></strong></span> <span class='ocrx_word' id='word_1_99' title='bbox 793 1364 930 1445; x_wconf 67' lang='grc' dir='ltr'>ἐξάγειν.</span> <span class='ocrx_word' id='word_1_100' title='bbox 974 1364 1092 1432; x_wconf 82' lang='lat' dir='ltr'>Cetera</span> <span class='ocrx_word' id='word_1_101' title='bbox 1112 1387 1184 1432; x_wconf 87' lang='lat' dir='ltr'>curn</span> <span class='ocrx_word' id='word_1_102' title='bbox 1204 1364 1273 1432; x_wconf 92' lang='lat' dir='ltr'>Po·</span> 
     </span>
     <span class='ocr_line' id='line_1_14' title="bbox 128 1472 1323 1559; baseline 0.002 -21"><span class='ocrx_word' id='word_1_103' title='bbox 128 1472 215 1559; x_wconf 91' lang='lat' dir='ltr'>lybie</span> <span class='ocrx_word' id='word_1_104' title='bbox 242 1473 310 1541; x_wconf 84' lang='lat' dir='ltr'>iere</span> <span class='ocrx_word' id='word_1_105' title='bbox 339 1477 563 1557; x_wconf 84' lang='lat' dir='ltr'>consentiunt,</span> <span class='ocrx_word' id='word_1_106' title='bbox 594 1475 656 1540; x_wconf 86' lang='lat' dir='ltr'>nisi</span> <span class='ocrx_word' id='word_1_107' title='bbox 685 1473 772 1559; x_wconf 88' lang='lat' dir='ltr'>quod</span> <span class='ocrx_word' id='word_1_108' title='bbox 808 1472 863 1539; x_wconf 87' lang='lat' dir='ltr'>ille</span> <span class='ocrx_word' id='word_1_109' title='bbox 884 1473 941 1553; x_wconf 92' lang='lat' dir='ltr'>XI,</span> <span class='ocrx_word' id='word_1_110' title='bbox 973 1477 1025 1555; x_wconf 89' lang='grc'>30,</span> <span class='ocrx_word' id='word_1_111' title='bbox 1050 1478 1069 1538; x_wconf 86' lang='grc'><strong>3</strong></span> <span class='ocrx_word' id='word_1_112' title='bbox 1091 1479 1214 1556; x_wconf 83' lang='lat' dir='ltr'>narrat,</span> <span class='ocrx_word' id='word_1_113' title='bbox 1235 1477 1273 1541; x_wconf 86' lang='lat' dir='ltr'>et</span> <span class='ocrx_word' id='word_1_114' title='bbox 1319 1476 1323 1483; x_wconf 82' lang='grc'><strong>’</strong></span> 
     </span>
     <span class='ocr_line' id='line_1_15' title="bbox 130 1579 1274 1670; baseline -0.002 -22"><span class='ocrx_word' id='word_1_115' title='bbox 130 1581 312 1666; x_wconf 87' lang='lat' dir='ltr'>Scipionem</span> <span class='ocrx_word' id='word_1_116' title='bbox 317 1588 350 1651; x_wconf 91' lang='grc'>61</span> <span class='ocrx_word' id='word_1_117' title='bbox 358 1589 480 1650; x_wconf 90' lang='lat' dir='ltr'>ceteros</span> <span class='ocrx_word' id='word_1_118' title='bbox 495 1583 591 1651; x_wconf 89' lang='lat' dir='ltr'>duces</span> <span class='ocrx_word' id='word_1_119' title='bbox 597 1579 894 1670; x_wconf 70' lang='lat' dir='ltr'>juravisseppdtva</span> <span class='ocrx_word' id='word_1_120' title='bbox 906 1581 1019 1668; x_wconf 74' lang='grc' dir='ltr'><strong><em>μηδενὶ</em></strong></span> <span class='ocrx_word' id='word_1_121' title='bbox 1024 1579 1274 1667; x_wconf 61' lang='grc' dir='ltr'><strong><em>μνησικακήσειν</em></strong></span> 
     </span>
     <span class='ocr_line' id='line_1_16' title="bbox 130 1688 1273 1774; baseline -0.001 -18"><span class='ocrx_word' id='word_1_122' title='bbox 130 1688 216 1774; x_wconf 90' lang='lat' dir='ltr'>quod</span> <span class='ocrx_word' id='word_1_123' title='bbox 238 1688 346 1758; x_wconf 85' lang='lat' dir='ltr'>Livius</span> <span class='ocrx_word' id='word_1_124' title='bbox 369 1711 432 1758; x_wconf 90' lang='lat' dir='ltr'>non</span> <span class='ocrx_word' id='word_1_125' title='bbox 454 1690 632 1758; x_wconf 84' lang='lat' dir='ltr'>annotavit.</span> <span class='ocrx_word' id='word_1_126' title='bbox 662 1689 715 1756; x_wconf 78' lang='lat' dir='ltr'>Ad</span> <span class='ocrx_word' id='word_1_127' title='bbox 738 1696 917 1757; x_wconf 86' lang='lat' dir='ltr'>extremum</span> <span class='ocrx_word' id='word_1_128' title='bbox 939 1689 1005 1755; x_wconf 79' lang='lat' dir='ltr'>biv.</span> <span class='ocrx_word' id='word_1_129' title='bbox 1025 1710 1053 1755; x_wconf 88' lang='grc'><strong>6.</strong></span> <span class='ocrx_word' id='word_1_130' title='bbox 1079 1694 1131 1771; x_wconf 86' lang='grc'>36,</span> <span class='ocrx_word' id='word_1_131' title='bbox 1154 1690 1273 1755; x_wconf 91' lang='lat' dir='ltr'>lccm·</span> 
     </span>
     <span class='ocr_line' id='line_1_17' title="bbox 129 1783 1273 1884; baseline 0.001 -21"><span class='ocrx_word' id='word_1_132' title='bbox 129 1804 307 1880; x_wconf 84' lang='lat' dir='ltr'>memoret,</span> <span class='ocrx_word' id='word_1_133' title='bbox 341 1783 535 1884; x_wconf 83' lang='lat' dir='ltr'>Scipionem</span> <span class='ocrx_word' id='word_1_134' title='bbox 553 1799 751 1883; x_wconf 85' lang='lat' dir='ltr'>provinciam</span> <span class='ocrx_word' id='word_1_135' title='bbox 788 1797 825 1863; x_wconf 88' lang='lat' dir='ltr'>L.</span> <span class='ocrx_word' id='word_1_136' title='bbox 856 1796 994 1864; x_wconf 85' lang='lat' dir='ltr'>Lentulo</span> <span class='ocrx_word' id='word_1_137' title='bbox 1024 1804 1058 1863; x_wconf 90' lang='lat' dir='ltr'>et</span> <span class='ocrx_word' id='word_1_138' title='bbox 1088 1797 1125 1862; x_wconf 88' lang='lat' dir='ltr'>L.</span> <span class='ocrx_word' id='word_1_139' title='bbox 1148 1796 1273 1864; x_wconf 85' lang='lat' dir='ltr'>Manlio</span> 
     </span>
     <span class='ocr_line' id='line_1_18' title="bbox 129 1904 1274 1991; baseline 0.002 -22"><span class='ocrx_word' id='word_1_140' title='bbox 129 1905 264 1972; x_wconf 79' lang='lat' dir='ltr'>Acidino</span> <span class='ocrx_word' id='word_1_141' title='bbox 285 1907 530 1991; x_wconf 83' lang='lat' dir='ltr'>proconsulibus</span> <span class='ocrx_word' id='word_1_142' title='bbox 554 1906 740 1987; x_wconf 87' lang='lat' dir='ltr'>tradidisse,</span> <span class='ocrx_word' id='word_1_143' title='bbox 762 1904 846 1990; x_wconf 89' lang='lat' dir='ltr'>quod</span> <span class='ocrx_word' id='word_1_144' title='bbox 863 1925 971 1971; x_wconf 86' lang='lat' dir='ltr'>verum</span> <span class='ocrx_word' id='word_1_145' title='bbox 984 1904 1274 1972; x_wconf 88' lang='lat' dir='ltr'>esseexL.XXlX</span> 
     </span>
     <span class='ocr_line' id='line_1_19' title="bbox 131 2012 1273 2100; baseline 0 -22"><span class='ocrx_word' id='word_1_146' title='bbox 131 2014 211 2095; x_wconf 90' lang='grc'><strong>2,1.</strong></span> <span class='ocrx_word' id='word_1_147' title='bbox 234 2018 269 2081; x_wconf 90' lang='lat' dir='ltr'>et</span> <span class='ocrx_word' id='word_1_148' title='bbox 297 2014 411 2098; x_wconf 93' lang='lat' dir='ltr'>XXIX,</span> <span class='ocrx_word' id='word_1_149' title='bbox 450 2020 499 2098; x_wconf 86' lang='lat'>13,</span> <span class='ocrx_word' id='word_1_150' title='bbox 531 2022 550 2080; x_wconf 94' lang='grc'><strong>7</strong></span> <span class='ocrx_word' id='word_1_151' title='bbox 572 2018 730 2100; x_wconf 91' lang='lat' dir='ltr'>apparet,</span> <span class='ocrx_word' id='word_1_152' title='bbox 761 2014 818 2080; x_wconf 91' lang='lat' dir='ltr'>sed</span> <span class='ocrx_word' id='word_1_153' title='bbox 840 2014 927 2097; x_wconf 91' lang='lat' dir='ltr'>apud</span> <span class='ocrx_word' id='word_1_154' title='bbox 949 2012 1117 2098; x_wconf 86' lang='lat' dir='ltr'>Polybium</span> <span class='ocrx_word' id='word_1_155' title='bbox 1138 2012 1194 2095; x_wconf 95' lang='lat' dir='ltr'>XI,</span> <span class='ocrx_word' id='word_1_156' title='bbox 1217 2017 1273 2096; x_wconf 88' lang='grc'>33,</span> 
     </span>
     <span class='ocr_line' id='line_1_20' title="bbox 133 2119 1274 2208; baseline 0.001 -23"><span class='ocrx_word' id='word_1_157' title='bbox 133 2127 151 2185; x_wconf 93' lang='grc'><strong>7</strong></span> <span class='ocrx_word' id='word_1_158' title='bbox 174 2120 320 2206; x_wconf 88' lang='lat' dir='ltr'>legimus,</span> <span class='ocrx_word' id='word_1_159' title='bbox 361 2144 433 2190; x_wconf 87' lang='lat' dir='ltr'>eum</span> <span class='ocrx_word' id='word_1_160' title='bbox 466 2125 664 2208; x_wconf 86' lang='lat' dir='ltr'>provinciam</span> <span class='ocrx_word' id='word_1_161' title='bbox 686 2132 752 2198; x_wconf 69' lang='grc' dir='ltr'>τοῖς</span> <span class='ocrx_word' id='word_1_162' title='bbox 783 2127 857 2208; x_wconf 80' lang='grc' dir='ltr'>περὶ</span> <span class='ocrx_word' id='word_1_163' title='bbox 880 2121 1022 2207; x_wconf 75' lang='grc' dir='ltr'><em>Μάρκον</em></span> <span class='ocrx_word' id='word_1_164' title='bbox 1040 2119 1182 2188; x_wconf 76' lang='grc' dir='ltr'>Ἰούνιον</span> <span class='ocrx_word' id='word_1_165' title='bbox 1202 2126 1274 2187; x_wconf 82' lang='grc'><strong>166·</strong></span> 
     </span>
     <span class='ocr_line' id='line_1_21' title="bbox 132 2229 262 2298; baseline -0.015 -2"><span class='ocrx_word' id='word_1_166' title='bbox 132 2229 262 2298; x_wconf 89' lang='lat' dir='ltr'>didisse.</span> 
     </span>
    </p>

    <p class='ocr_par' dir='ltr' id='par_1_6' title="bbox 132 2336 1276 3177">
     <span class='ocr_line' id='line_1_22' title="bbox 219 2336 1274 2423; baseline 0.002 -21"><span class='ocrx_word' id='word_1_167' title='bbox 219 2337 309 2403; x_wconf 86' lang='lat' dir='ltr'>Haec</span> <span class='ocrx_word' id='word_1_168' title='bbox 331 2338 492 2422; x_wconf 83' lang='lat' dir='ltr'>igiturex</span> <span class='ocrx_word' id='word_1_169' title='bbox 515 2337 687 2423; x_wconf 89' lang='lat' dir='ltr'>utriusque</span> <span class='ocrx_word' id='word_1_170' title='bbox 710 2338 876 2423; x_wconf 89' lang='lat' dir='ltr'>scriptoris</span> <span class='ocrx_word' id='word_1_171' title='bbox 905 2339 1090 2404; x_wconf 87' lang='lat' dir='ltr'>narratione</span> <span class='ocrx_word' id='word_1_172' title='bbox 1112 2336 1274 2404; x_wconf 91' lang='lat' dir='ltr'>derebus</span> 
     </span>
     <span class='ocr_line' id='line_1_23' title="bbox 132 2445 1274 2531; baseline 0.001 -20"><span class='ocrx_word' id='word_1_173' title='bbox 132 2447 166 2512; x_wconf 91' lang='lat' dir='ltr'>in</span> <span class='ocrx_word' id='word_1_174' title='bbox 187 2445 345 2530; x_wconf 86' lang='lat' dir='ltr'>Hispania</span> <span class='ocrx_word' id='word_1_175' title='bbox 367 2467 387 2511; x_wconf 90' lang='lat' dir='ltr'>a</span> <span class='ocrx_word' id='word_1_176' title='bbox 409 2445 559 2530; x_wconf 80' lang='lat' dir='ltr'>Scipione</span> <span class='ocrx_word' id='word_1_177' title='bbox 588 2448 689 2531; x_wconf 87' lang='lat' dir='ltr'>gestis</span> <span class='ocrx_word' id='word_1_178' title='bbox 710 2452 861 2527; x_wconf 85' lang='lat' dir='ltr'>exstant,</span> <span class='ocrx_word' id='word_1_179' title='bbox 883 2467 967 2530; x_wconf 89' lang='lat' dir='ltr'>quae</span> <span class='ocrx_word' id='word_1_180' title='bbox 989 2446 1119 2531; x_wconf 89' lang='lat' dir='ltr'>quidem</span> <span class='ocrx_word' id='word_1_181' title='bbox 1142 2467 1274 2530; x_wconf 91' lang='lat' dir='ltr'>compa-</span> 
     </span>
     <span class='ocr_line' id='line_1_24' title="bbox 134 2552 1275 2640; baseline 0 -20"><span class='ocrx_word' id='word_1_182' title='bbox 134 2554 201 2620; x_wconf 89' lang='lat' dir='ltr'>rari</span> <span class='ocrx_word' id='word_1_183' title='bbox 223 2559 368 2640; x_wconf 87' lang='lat' dir='ltr'>possunt.</span> <span class='ocrx_word' id='word_1_184' title='bbox 412 2552 613 2619; x_wconf 90' lang='lat' dir='ltr'>Pancitatem</span> <span class='ocrx_word' id='word_1_185' title='bbox 645 2574 721 2620; x_wconf 84' lang='lat' dir='ltr'>vcro</span> <span class='ocrx_word' id='word_1_186' title='bbox 750 2554 1004 2638; x_wconf 84' lang='lat' dir='ltr'>fragmentorum</span> <span class='ocrx_word' id='word_1_187' title='bbox 1023 2553 1275 2640; x_wconf 90' lang='lat' dir='ltr'>Polybianorum</span> 
     </span>
     <span class='ocr_line' id='line_1_25' title="bbox 133 2659 1274 2746; baseline 0.002 -18"><span class='ocrx_word' id='word_1_188' title='bbox 133 2683 204 2728; x_wconf 88' lang='lat' dir='ltr'>curn</span> <span class='ocrx_word' id='word_1_189' title='bbox 226 2681 353 2746; x_wconf 88' lang='lat' dir='ltr'>semper</span> <span class='ocrx_word' id='word_1_190' title='bbox 364 2681 428 2726; x_wconf 87' lang='grc'>666</span> <span class='ocrx_word' id='word_1_191' title='bbox 441 2661 510 2726; x_wconf 89' lang='lat' dir='ltr'>sine</span> <span class='ocrx_word' id='word_1_192' title='bbox 524 2659 634 2726; x_wconf 89' lang='lat' dir='ltr'>dolore</span> <span class='ocrx_word' id='word_1_193' title='bbox 644 2661 891 2742; x_wconf 91' lang='lat' dir='ltr'>sentimus,tum</span> <span class='ocrx_word' id='word_1_194' title='bbox 900 2662 934 2726; x_wconf 92' lang='lat' dir='ltr'>in</span> <span class='ocrx_word' id='word_1_195' title='bbox 943 2660 1028 2728; x_wconf 89' lang='lat' dir='ltr'>libro</span> <span class='ocrx_word' id='word_1_196' title='bbox 1040 2661 1122 2728; x_wconf 79' lang='lat' dir='ltr'>Livii</span> <span class='ocrx_word' id='word_1_197' title='bbox 1133 2661 1274 2730; x_wconf 90' lang='lat' dir='ltr'>XXVIII</span> 
     </span>
     <span class='ocr_line' id='line_1_26' title="bbox 134 2766 1273 2855; baseline -0.001 -20"><span class='ocrx_word' id='word_1_198' title='bbox 134 2767 368 2855; x_wconf 88' lang='lat' dir='ltr'>comparando,</span> <span class='ocrx_word' id='word_1_199' title='bbox 398 2766 455 2833; x_wconf 93' lang='lat' dir='ltr'>ubi</span> <span class='ocrx_word' id='word_1_200' title='bbox 483 2787 608 2834; x_wconf 88' lang='lat' dir='ltr'>summa</span> <span class='ocrx_word' id='word_1_201' title='bbox 636 2767 723 2833; x_wconf 89' lang='lat' dir='ltr'>inter</span> <span class='ocrx_word' id='word_1_202' title='bbox 745 2768 920 2852; x_wconf 88' lang='lat' dir='ltr'>scriptores</span> <span class='ocrx_word' id='word_1_203' title='bbox 942 2767 1116 2834; x_wconf 87' lang='lat' dir='ltr'>intercedit</span> <span class='ocrx_word' id='word_1_204' title='bbox 1136 2790 1273 2854; x_wconf 88' lang='lat' dir='ltr'>congru-</span> 
     </span>
     <span class='ocr_line' id='line_1_27' title="bbox 134 2873 1276 2964; baseline -0.001 -22"><span class='ocrx_word' id='word_1_205' title='bbox 134 2874 283 2964; x_wconf 64' lang='lat' dir='ltr'>entiait).</span> <span class='ocrx_word' id='word_1_206' title='bbox 327 2874 390 2941; x_wconf 90' lang='lat' dir='ltr'>Sed</span> <span class='ocrx_word' id='word_1_207' title='bbox 408 2877 476 2961; x_wconf 90' lang='lat' dir='ltr'>jam</span> <span class='ocrx_word' id='word_1_208' title='bbox 498 2895 538 2940; x_wconf 85' lang='lat' dir='ltr'>ex</span> <span class='ocrx_word' id='word_1_209' title='bbox 562 2873 620 2956; x_wconf 91' lang='lat' dir='ltr'>iis,</span> <span class='ocrx_word' id='word_1_210' title='bbox 642 2894 726 2958; x_wconf 90' lang='lat' dir='ltr'>quae</span> <span class='ocrx_word' id='word_1_211' title='bbox 747 2874 1001 2957; x_wconf 83' lang='lat' dir='ltr'>comparavimus</span> <span class='ocrx_word' id='word_1_212' title='bbox 1022 2882 1179 2959; x_wconf 87' lang='lat' dir='ltr'>apparet,</span> <span class='ocrx_word' id='word_1_213' title='bbox 1202 2880 1276 2941; x_wconf 91' lang='lat' dir='ltr'>tan·</span> 
     </span>
     <span class='ocr_line' id='line_1_28' title="bbox 135 2980 1275 3068; baseline 0 -18"><span class='ocrx_word' id='word_1_214' title='bbox 135 2989 205 3052; x_wconf 87' lang='lat' dir='ltr'>tum</span> <span class='ocrx_word' id='word_1_215' title='bbox 227 3004 438 3066; x_wconf 90' lang='lat' dir='ltr'>consensum,</span> <span class='ocrx_word' id='word_1_216' title='bbox 460 2982 517 3068; x_wconf 89' lang='lat' dir='ltr'>qui</span> <span class='ocrx_word' id='word_1_217' title='bbox 538 2985 609 3048; x_wconf 88' lang='lat' dir='ltr'>tum</span> <span class='ocrx_word' id='word_1_218' title='bbox 630 2983 770 3050; x_wconf 88' lang='lat' dir='ltr'>maxime</span> <span class='ocrx_word' id='word_1_219' title='bbox 792 2980 932 3064; x_wconf 89' lang='lat' dir='ltr'>desinit,</span> <span class='ocrx_word' id='word_1_220' title='bbox 955 2981 1012 3048; x_wconf 93' lang='lat' dir='ltr'>ubi</span> <span class='ocrx_word' id='word_1_221' title='bbox 1032 2980 1141 3050; x_wconf 83' lang='lat' dir='ltr'>Livius</span> <span class='ocrx_word' id='word_1_222' title='bbox 1162 3003 1275 3050; x_wconf 79' lang='grc'><strong>66666·</strong></span> 
     </span>
     <span class='ocr_line' id='line_1_29' title="bbox 135 3088 1275 3177; baseline -0.001 -20"><span class='ocrx_word' id='word_1_223' title='bbox 135 3091 217 3159; x_wconf 89' lang='grc'><strong>11661</strong></span> <span class='ocrx_word' id='word_1_224' title='bbox 250 3089 448 3177; x_wconf 87' lang='lat' dir='ltr'>Polybienae</span> <span class='ocrx_word' id='word_1_225' title='bbox 475 3088 597 3174; x_wconf 86' lang='lat' dir='ltr'>aliquid</span> <span class='ocrx_word' id='word_1_226' title='bbox 631 3088 794 3155; x_wconf 92' lang='lat' dir='ltr'>addidisse</span> <span class='ocrx_word' id='word_1_227' title='bbox 814 3089 949 3170; x_wconf 86' lang='lat' dir='ltr'>videtur,</span> <span class='ocrx_word' id='word_1_228' title='bbox 972 3089 1096 3155; x_wconf 84' lang='lat' dir='ltr'>nisiex</span> <span class='ocrx_word' id='word_1_229' title='bbox 1116 3090 1275 3156; x_wconf 90' lang='lat' dir='ltr'>communi</span> 
     </span>
    </p>
   </div>
   <div class='ocr_carea' id='block_1_5' title="bbox 135 3436 1278 3681">
    <p class='ocr_par' dir='ltr' id='par_1_7' title="bbox 135 3436 1278 3681">
     <span class='ocr_line' id='line_1_30' title="bbox 136 3436 1278 3508; baseline -0.002 -14"><span class='ocrx_word' id='word_1_230' title='bbox 136 3439 228 3494; x_wconf 83' lang='lat' dir='ltr'>babet</span> <span class='ocrx_word' id='word_1_231' title='bbox 265 3437 338 3508; x_wconf 72' lang='lat' dir='ltr'>Quae</span> <span class='ocrx_word' id='word_1_232' title='bbox 365 3437 515 3494; x_wconf 86' lang='lat' dir='ltr'>similitudo</span> <span class='ocrx_word' id='word_1_233' title='bbox 535 3455 597 3494; x_wconf 87' lang='lat' dir='ltr'>cum</span> <span class='ocrx_word' id='word_1_234' title='bbox 621 3440 737 3507; x_wconf 86' lang='grc'><strong>6166666</strong></span> <span class='ocrx_word' id='word_1_235' title='bbox 752 3437 815 3494; x_wconf 92' lang='lat' dir='ltr'>Ioco</span> <span class='ocrx_word' id='word_1_236' title='bbox 841 3454 875 3492; x_wconf 87' lang='lat' dir='ltr'>ex</span> <span class='ocrx_word' id='word_1_237' title='bbox 891 3437 1031 3494; x_wconf 86' lang='lat' dir='ltr'>communi</span> <span class='ocrx_word' id='word_1_238' title='bbox 1053 3436 1129 3493; x_wconf 85' lang='lat' dir='ltr'>iente</span> <span class='ocrx_word' id='word_1_239' title='bbox 1154 3441 1216 3494; x_wconf 82' lang='lat' dir='ltr'>orta</span> <span class='ocrx_word' id='word_1_240' title='bbox 1231 3438 1278 3508; x_wconf 85' lang='lat' dir='ltr'>sit,</span> 
     </span>
     <span class='ocr_line' id='line_1_31' title="bbox 135 3528 1278 3600; baseline 0 -15"><span class='ocrx_word' id='word_1_241' title='bbox 135 3531 165 3585; x_wconf 90' lang='lat' dir='ltr'>in</span> <span class='ocrx_word' id='word_1_242' title='bbox 181 3530 279 3585; x_wconf 91' lang='lat' dir='ltr'>ecdem</span> <span class='ocrx_word' id='word_1_243' title='bbox 305 3529 377 3584; x_wconf 87' lang='lat' dir='ltr'>libro</span> <span class='ocrx_word' id='word_1_244' title='bbox 401 3533 483 3600; x_wconf 87' lang='lat' dir='ltr'>atque</span> <span class='ocrx_word' id='word_1_245' title='bbox 500 3529 529 3584; x_wconf 88' lang='lat' dir='ltr'>in</span> <span class='ocrx_word' id='word_1_246' title='bbox 548 3529 645 3584; x_wconf 86' lang='lat' dir='ltr'>eadem</span> <span class='ocrx_word' id='word_1_247' title='bbox 667 3544 699 3583; x_wconf 88' lang='lat' dir='ltr'>re</span> <span class='ocrx_word' id='word_1_248' title='bbox 716 3529 785 3583; x_wconf 89' lang='lat' dir='ltr'>duos</span> <span class='ocrx_word' id='word_1_249' title='bbox 798 3528 888 3585; x_wconf 80' lang='lat' dir='ltr'>fontes</span> <span class='ocrx_word' id='word_1_250' title='bbox 910 3546 1072 3584; x_wconf 85' lang='lat' dir='ltr'>communes</span> <span class='ocrx_word' id='word_1_251' title='bbox 1097 3528 1181 3584; x_wconf 81' lang='lat' dir='ltr'>fuisse</span> <span class='ocrx_word' id='word_1_252' title='bbox 1195 3544 1278 3585; x_wconf 90' lang='lat' dir='ltr'>nemo</span> 
     </span>
     <span class='ocr_line' id='line_1_32' title="bbox 137 3621 294 3681; baseline -0.032 0"><span class='ocrx_word' id='word_1_253' title='bbox 137 3621 294 3681; x_wconf 86' lang='lat' dir='ltr'>contendet.</span> 
     </span>
    </p>
   </div>
   <div class='ocr_carea' id='block_1_6' title="bbox 141 3711 1403 3800">
    <p class='ocr_par' dir='ltr' id='par_1_8' title="bbox 141 3711 1403 3800">
     <span class='ocr_line' id='line_1_33' title="bbox 141 3711 1403 3800; baseline -0.002 -27"><span class='ocrx_word' id='word_1_254' title='bbox 141 3773 144 3780; x_wconf 89' lang='grc'><strong>,</strong></span> <span class='ocrx_word' id='word_1_255' title='bbox 207 3715 301 3774; x_wconf 74' lang='lat' dir='ltr'>Etiam</span> <span class='ocrx_word' id='word_1_256' title='bbox 316 3712 529 3769; x_wconf 87' lang='lat' dir='ltr'>Weissenbornii</span> <span class='ocrx_word' id='word_1_257' title='bbox 546 3711 691 3777; x_wconf 84' lang='lat' dir='ltr'>dubitatio,</span> <span class='ocrx_word' id='word_1_258' title='bbox 709 3729 774 3766; x_wconf 87' lang='lat' dir='ltr'>num</span> <span class='ocrx_word' id='word_1_259' title='bbox 795 3711 1276 3786; x_wconf 65' lang='grc' dir='ltr'><strong>»1166616616ΧΧ1111,34,366616</strong></span> <span class='ocrx_word' id='word_1_260' title='bbox 1398 3772 1403 3800; x_wconf 72' lang='lat' dir='ltr'><em>s</em></span> 
     </span>
    </p>
   </div>
   <div class='ocr_carea' id='block_1_7' title="bbox 139 3805 1280 4247">
    <p class='ocr_par' dir='ltr' id='par_1_9' title="bbox 139 3805 827 3879">
     <span class='ocr_line' id='line_1_34' title="bbox 139 3805 827 3879; baseline -0.013 -12"><span class='ocrx_word' id='word_1_261' title='bbox 139 3811 249 3879; x_wconf 85' lang='lat' dir='ltr'>babeat,</span> <span class='ocrx_word' id='word_1_262' title='bbox 266 3810 354 3864; x_wconf 84' lang='lat' dir='ltr'>altero</span> <span class='ocrx_word' id='word_1_263' title='bbox 371 3806 421 3862; x_wconf 89' lang='lat' dir='ltr'>illo</span> <span class='ocrx_word' id='word_1_264' title='bbox 438 3805 500 3861; x_wconf 89' lang='lat' dir='ltr'>Ioco</span> <span class='ocrx_word' id='word_1_265' title='bbox 518 3821 544 3860; x_wconf 87' lang='lat' dir='ltr'>c.</span> <span class='ocrx_word' id='word_1_266' title='bbox 562 3807 607 3873; x_wconf 84' lang='grc'>26,</span> <span class='ocrx_word' id='word_1_267' title='bbox 626 3808 642 3860; x_wconf 95' lang='grc'><strong>7</strong></span> <span class='ocrx_word' id='word_1_268' title='bbox 660 3808 827 3860; x_wconf 80' lang='lat' dir='ltr'>remoretur.</span> 
     </span>
    </p>

    <p class='ocr_par' dir='ltr' id='par_1_10' title="bbox 141 3895 1280 4247">
     <span class='ocr_line' id='line_1_35' title="bbox 211 3895 1280 3972; baseline -0.005 -14"><span class='ocrx_word' id='word_1_269' title='bbox 211 3903 258 3972; x_wconf 79' lang='grc'><strong>24)</strong></span> <span class='ocrx_word' id='word_1_270' title='bbox 275 3900 327 3957; x_wconf 80' lang='lat' dir='ltr'>cir.</span> <span class='ocrx_word' id='word_1_271' title='bbox 341 3899 385 3955; x_wconf 84' lang='lat' dir='ltr'>Li.</span> <span class='ocrx_word' id='word_1_272' title='bbox 402 3897 530 3967; x_wconf 89' lang='lat' dir='ltr'>XXVIII,</span> <span class='ocrx_word' id='word_1_273' title='bbox 549 3901 592 3962; x_wconf 82' lang='grc'>13,</span> <span class='ocrx_word' id='word_1_274' title='bbox 610 3899 629 3952; x_wconf 84' lang='grc'>9</span> <span class='ocrx_word' id='word_1_275' title='bbox 646 3917 683 3944; x_wconf 90' lang='grc'>·-·</span> <span class='ocrx_word' id='word_1_276' title='bbox 699 3897 732 3952; x_wconf 91' lang='grc' dir='ltr'>Ρ.</span> <span class='ocrx_word' id='word_1_277' title='bbox 749 3896 799 3967; x_wconf 90' lang='lat' dir='ltr'>XI,</span> <span class='ocrx_word' id='word_1_278' title='bbox 816 3900 861 3960; x_wconf 81' lang='grc'>21,</span> <span class='ocrx_word' id='word_1_279' title='bbox 879 3899 906 3952; x_wconf 90' lang='grc'>6.</span> <span class='ocrx_word' id='word_1_280' title='bbox 941 3896 975 3952; x_wconf 83' lang='lat' dir='ltr'>b.</span> <span class='ocrx_word' id='word_1_281' title='bbox 992 3895 1125 3963; x_wconf 89' lang='lat' dir='ltr'>XXVIII,</span> <span class='ocrx_word' id='word_1_282' title='bbox 1145 3896 1187 3966; x_wconf 91' lang='grc'>16,</span> <span class='ocrx_word' id='word_1_283' title='bbox 1205 3900 1280 3953; x_wconf 81' lang='grc'>6-2</span> 
     </span>
     <span class='ocr_line' id='line_1_36' title="bbox 142 3987 1280 4072; baseline -0.005 -20"><span class='ocrx_word' id='word_1_284' title='bbox 142 4019 175 4044; x_wconf 79' lang='lat'><em>=</em></span> <span class='ocrx_word' id='word_1_285' title='bbox 193 3996 225 4052; x_wconf 87' lang='lat' dir='ltr'>P.</span> <span class='ocrx_word' id='word_1_286' title='bbox 242 3994 291 4064; x_wconf 92' lang='lat' dir='ltr'>XI,</span> <span class='ocrx_word' id='word_1_287' title='bbox 309 3997 354 4050; x_wconf 75' lang='lat'>24.</span> <span class='ocrx_word' id='word_1_288' title='bbox 372 3995 399 4049; x_wconf 87' lang='grc'>7.</span> <span class='ocrx_word' id='word_1_289' title='bbox 434 3991 468 4047; x_wconf 82' lang='lat' dir='ltr'>L.</span> <span class='ocrx_word' id='word_1_290' title='bbox 486 3989 611 4054; x_wconf 91' lang='lat' dir='ltr'>XXVIII,</span> <span class='ocrx_word' id='word_1_291' title='bbox 629 3989 665 4046; x_wconf 86' lang='grc'>26</span> <span class='ocrx_word' id='word_1_292' title='bbox 684 3991 784 4072; x_wconf 73' lang='grc'><strong>6-10.</strong></span> <span class='ocrx_word' id='word_1_293' title='bbox 802 4009 839 4038; x_wconf 84' lang='lat'><em>=</em></span> <span class='ocrx_word' id='word_1_294' title='bbox 857 3987 1280 4059; x_wconf 67' lang='grc'><strong>6111666-6611117111,</strong></span> 
     </span>
     <span class='ocr_line' id='line_1_37' title="bbox 141 4079 1280 4157; baseline -0.007 -15"><span class='ocrx_word' id='word_1_295' title='bbox 141 4093 190 4157; x_wconf 82' lang='grc'>26,</span> <span class='ocrx_word' id='word_1_296' title='bbox 208 4090 226 4142; x_wconf 87' lang='grc'>8</span> <span class='ocrx_word' id='word_1_297' title='bbox 244 4107 279 4136; x_wconf 89' lang='lat'>=</span> <span class='ocrx_word' id='word_1_298' title='bbox 297 4087 327 4141; x_wconf 87' lang='lat' dir='ltr'>P.</span> <span class='ocrx_word' id='word_1_299' title='bbox 345 4086 401 4153; x_wconf 81' lang='lat' dir='ltr'>XI,</span> <span class='ocrx_word' id='word_1_300' title='bbox 423 4083 468 4148; x_wconf 87' lang='grc'>26,</span> <span class='ocrx_word' id='word_1_301' title='bbox 489 4088 513 4140; x_wconf 91' lang='grc'>1.</span> <span class='ocrx_word' id='word_1_302' title='bbox 536 4084 570 4140; x_wconf 80' lang='lat' dir='ltr'>L.</span> <span class='ocrx_word' id='word_1_303' title='bbox 598 4082 736 4153; x_wconf 89' lang='lat' dir='ltr'>XXVIII,</span> <span class='ocrx_word' id='word_1_304' title='bbox 762 4083 807 4147; x_wconf 88' lang='grc'>26,</span> <span class='ocrx_word' id='word_1_305' title='bbox 826 4085 942 4139; x_wconf 83' lang='grc'><strong>12-14.</strong></span> <span class='ocrx_word' id='word_1_306' title='bbox 962 4103 997 4130; x_wconf 84' lang='grc'>--</span> <span class='ocrx_word' id='word_1_307' title='bbox 1015 4083 1048 4141; x_wconf 83' lang='grc' dir='ltr'>Ρ.</span> <span class='ocrx_word' id='word_1_308' title='bbox 1064 4079 1113 4147; x_wconf 92' lang='lat' dir='ltr'>XI,</span> <span class='ocrx_word' id='word_1_309' title='bbox 1137 4083 1183 4148; x_wconf 90' lang='grc'><strong>27,</strong></span> <span class='ocrx_word' id='word_1_310' title='bbox 1199 4082 1280 4135; x_wconf 67' lang='lat'>4-08.</span> 
     </span>
     <span class='ocr_line' id='line_1_38' title="bbox 142 4176 888 4247; baseline -0.007 -13"><span class='ocrx_word' id='word_1_311' title='bbox 142 4181 174 4234; x_wconf 80' lang='lat' dir='ltr'>b.</span> <span class='ocrx_word' id='word_1_312' title='bbox 191 4177 319 4244; x_wconf 92' lang='lat' dir='ltr'>XXVIII,</span> <span class='ocrx_word' id='word_1_313' title='bbox 337 4181 382 4247; x_wconf 88' lang='grc'><strong>29,</strong></span> <span class='ocrx_word' id='word_1_314' title='bbox 401 4180 489 4232; x_wconf 79' lang='grc'><strong>9-11</strong></span> <span class='ocrx_word' id='word_1_315' title='bbox 508 4197 541 4227; x_wconf 82' lang='lat'>=</span> <span class='ocrx_word' id='word_1_316' title='bbox 562 4179 592 4232; x_wconf 89' lang='lat' dir='ltr'>P.</span> <span class='ocrx_word' id='word_1_317' title='bbox 611 4177 658 4246; x_wconf 94' lang='lat' dir='ltr'>XI,</span> <span class='ocrx_word' id='word_1_318' title='bbox 677 4179 720 4246; x_wconf 84' lang='grc'>60,</span> <span class='ocrx_word' id='word_1_319' title='bbox 739 4176 888 4230; x_wconf 77' lang='grc'><strong>1-26116.</strong></span> 
     </span>
    </p>
   </div>
   <div class='ocr_carea' id='block_1_8' title="bbox 0 0 1438 4642">
    <p class='ocr_par' dir='ltr' id='par_1_11' title="bbox 0 0 1438 4642">
     <span class='ocr_line' id='line_1_39' title="bbox 0 0 1438 4642; baseline 0 0"><span class='ocrx_word' id='word_1_320' title='bbox 0 0 1438 4642; x_wconf 95' lang='lat' dir='ltr'> </span> 
     </span>
    </p>
   </div>
  </div>
 </body>
</html>
