2842 4642
712 17 764 82 td}

181 193 244 257 603
275 187 331 268 ὣς
365 191 456 277 caina
485 189 683 256 sententiam
715 187 818 274 mapa
854 187 1057 273 explanavit:
1071 195 1076 202 ’
1089 185 1128 254 0.
1161 185 1321 254 samber

179 303 305 384 qutest.
331 298 463 366 mitione
485 297 526 366 dc
548 297 692 366 lontibus
712 297 797 365 Livii
810 296 885 364 libr.
898 293 1119 364 xxi-axla
1140 294 1322 380 Maeonii

182 409 275 473 1867.
298 405 376 474 diss.
399 407 507 491 inaug.
529 440 574 460 «-
595 407 701 491 Atque
734 426 809 472 cum
839 406 874 470 in
902 403 1088 472 universum
1112 403 1225 488 negari
1256 423 1322 470 non

178 515 293 599 possit,
315 513 418 581 multa
439 513 566 582 Gmsca
587 513 686 582 iuuisse
706 515 742 582 in
763 511 882 596 (laelio,
903 518 1014 579 umen
1034 511 1091 578 ille
1112 516 1241 579 tantmn
1264 509 1322 577 ab·

178 623 250 706 tuit,
273 629 311 691 ut
324 623 466 691 Silenum
488 623 531 690 ad
553 622 687 691 verbum
709 628 910 708 sequeretur,
932 621 1005 706 (cfr.
1028 621 1198 689 Nitsoh.v.
1214 618 1321 705 Sybel.

178 734 257 800 Zeit.
280 732 301 799 l.
323 732 344 800 l
367 754 400 817 p.
424 733 480 818 21)
502 733 666 800 utrarios
703 732 809 799 fontes
843 731 1015 798 admittere
1047 749 1112 796 non
1137 727 1321 795 dubitaret.

179 839 336 907 Nitzachii
358 860 435 907 raro
457 840 618 908 sententia
639 840 778 907 mamma
796 839 914 906 nititur
933 839 969 906 in
990 839 1062 905 loco
1085 836 1185 905 Cicer.
1205 835 1322 905 dediv.

178 949 205 1030 1,
228 953 280 1028 24,
303 954 361 1015 49:
383 949 477 1016 »Hoc
497 949 576 1016 item
598 949 632 1017 in
654 948 764 1030 Sileni,
787 970 883 1034 quem
899 946 1026 1015 Coelius
1038 947 1194 1030 sequitur,
1208 966 1323 1030 graeca

178 1056 315 1124 historia
347 1063 399 1124 est
419 1091 463 1108 ·-
484 1059 513 1124 is
536 1063 646 1126 autam
676 1057 920 1142 diligentissime
948 1077 1001 1122 res
1029 1053 1223 1122 Hannibalis
1251 1075 1323 1138 per·

179 1167 306 1230 secutus
337 1166 419 1228 cst«
472 1160 566 1230 Solus
601 1161 776 1230 Meltzerus
810 1161 851 1229 de
881 1160 992 1228 coeno
1014 1159 1191 1244 Antipatro
1222 1180 1255 1243 p.
1278 1162 1321 1224 28

179 1269 223 1338 ad
244 1270 330 1336 hunc
351 1269 458 1336 locum
481 1270 635 1350 adnotat,
657 1271 741 1338 nihil
763 1291 822 1338 nos
852 1290 967 1355 cogere
977 1319 992 1350 ,.
1016 1276 1055 1334 ut
1085 1266 1186 1336 verba
1208 1288 1323 1353 »qnam

179 1376 306 1445 Coelius
327 1377 514 1462 aequitum
545 1377 588 1446 ad
611 1383 716 1445 totum
739 1376 841 1445 (loelli
862 1398 944 1462 opus
966 1375 1135 1442 referenda
1156 1382 1323 1459 putemusr

178 1487 279 1553 ceteri
302 1505 413 1552 omnes
443 1485 519 1552 inde
549 1485 758 1566 concludunt,
792 1484 935 1554 &obem
967 1504 1095 1569 semper
1126 1504 1224 1570 quam
1256 1503 1323 1549 ma·

178 1594 263 1660 xime
285 1593 328 1660 ad
347 1593 491 1662 Silenum
513 1615 548 1660 se
570 1595 776 1679 applicuisse.
820 1594 878 1662 cir.
900 1595 1042 1676 Nitzscb,
1065 1594 1100 1661 in
1120 1612 1229 1660 museo
1250 1590 1322 1658 rhe-

179 1687 263 1766 nano
284 1698 306 1766 l.
331 1698 352 1768 1.
373 1721 405 1786 p.
429 1705 504 1766 607.
527 1698 563 1767 G.
585 1701 692 1784 Peter,
715 1704 796 1770 iiber
817 1701 870 1769 die
892 1700 1027 1780 Quellen
1041 1701 1099 1768 des
1112 1696 1324 1767 XXI-XXII

178 1806 304 1876 Buches
327 1808 385 1875 des
406 1807 515 1878 Livius
538 1829 570 1893 p.
595 1813 646 1878 75.
691 1809 835 1896 Bujack,
857 1809 899 1876 de
920 1807 1030 1876 Sileno
1054 1809 1215 1892 scriptore
1234 1806 1323 1874 Han·

179 1912 296 1985 cibalis
325 1936 357 2000 p.
382 1919 410 1981 5.
465 1914 554 1982 Leon
583 1914 625 1984 de
654 1913 796 1998 Olossat,
825 1914 912 1984 essai
944 1937 1003 1983 sur
1030 1912 1323 1999 l'bistoriograpbie

179 2022 236 2090 des
257 2022 421 2090 Romaim.
466 2045 500 2108 p.
523 2027 599 2090 478.
620 2023 686 2092 alii.

265 2131 329 2198 Sed
348 2131 424 2200 huic
455 2132 526 2200 loeo
549 2132 759 2202 Ciceroniano
781 2131 964 2218 opponendi
986 2136 1063 2199 sunt
1090 2130 1158 2198 alii
1202 2129 1321 2216 Diony·

180 2239 247 2306 sius
268 2237 372 2307 Helio
396 2240 422 2306 I.
442 2259 476 2325 p.
509 2244 551 2306 64
580 2240 693 2308 habet:
721 2242 853 2315 Kolmr
881 2241 944 2323 pta
974 2239 1116 2322 Φάβιος,
1146 2237 1165 2305 ὅ
1195 2241 1322 2323 Hiarba

178 2344 357 2432 λεγόμενος,
380 2340 409 2434 ᾧ
429 2344 568 2426 Αεύκιος
590 2353 720 2428 Κίγκιος
740 2351 796 2414 rot
816 2346 935 2414 Kaisar
957 2347 1097 2434 Πόρκιος
1120 2351 1177 2412 ant
1197 2349 1323 2412 Halm

180 2454 407 2541 Koedmdpr'sor
437 2459 494 2520 sol
514 2459 578 2522 miv
600 2455 711 2522 ἄλλων
740 2458 954 2543 συγγράφων
979 2455 1013 2523 oi
1031 2455 1162 2531 πλείους
1181 2454 1320 2542 elratori-

178 2562 586 2652 nomastmndojam
608 2564 717 2634 Nauta
737 2564 794 2633 lt
806 2587 840 2652 p.
867 2569 906 2632 16
929 2565 1024 2648 dicit,
1045 2564 1214 2650 probabile
1237 2564 1320 2654 lieri,

178 2672 324 2742 Ooelinm
352 2674 452 2742 etiam
473 2673 577 2743 Fabio
597 2695 693 2742 nsum
724 2692 807 2743 esse.
850 2673 975 2742 Deinde
998 2673 1113 2742 (liceto
1145 2673 1187 2740 de
1222 2673 1321 2742 divin

177 2781 203 2863 1,
225 2785 277 2862 26,
302 2785 343 2848 55
363 2786 520 2864 testatur,
546 2781 691 2852 Coelium
713 2804 787 2851 cum
810 2782 870 2853 Gn.
893 2782 999 2850 Gellio
1021 2788 1056 2850 et
1084 2781 1188 2849 Fabio
1222 2801 1320 2868 quam

177 2887 316 2954 maxims
338 2889 534 2975 consentire3
556 2911 608 2958 res
631 2895 757 2974 autem,
786 2911 885 2976 quam
915 2890 1027 2960 Cicero
1047 2889 1162 2971 affert,
1189 2889 1322 2958 demon·

179 2999 264 3062 strat
286 2992 431 3062 Coelium
455 3001 515 3062 ant
534 2997 639 3064 Fabio
667 3003 727 3066 ant
753 2999 845 3066 tonte
866 3019 940 3066 cnm
960 2999 1018 3066 illo
1046 2997 1206 3068 communi
1227 3019 1322 3066 nsum

178 3121 267 3182 csso,
290 3100 347 3187 qui
369 3106 457 3170 certo
492 3101 620 3170 Silanus
652 3125 717 3172 non
745 3125 817 3173 esse
846 3106 964 3190 potuit.
1021 3103 1086 3172 Sed
1114 3104 1210 3172 nimis
1239 3104 1320 3172 haec

177 3207 331 3294 antiqua3
367 3208 470 3292 ipsius
511 3207 703 3278 Hannibalis
737 3231 792 3278 res
828 3217 938 3296 gestas
969 3211 1146 3281 videamus.
1197 3210 1321 3280 Gellius

177 3314 275 3399 igitur
295 3313 336 3398 Χ,
360 3317 413 3397 24,
433 3318 519 3382 6-7
540 3336 581 3383 ex
604 3315 715 3384 &clio
735 3317 874 3386 tradidit
894 3317 993 3387 verba
1015 3318 1318 3388 notissimaldabar·

177 3421 260 3490 balis
282 3429 357 3508 post
377 3445 518 3510 pugnam
541 3423 753 3509 Cannensem,
777 3426 907 3494 addito:
937 3432 991 3494 »et
1017 3427 1186 3496 historiam
1210 3434 1320 3498 autem

177 3537 211 3598 et
232 3528 365 3597 verbum
396 3534 535 3618 sumpsit
564 3553 605 3600 ex
634 3534 759 3626 origine
782 3533 828 3600 M.
858 3533 1022 3604 Ontonia«
1074 3534 1132 3604 cir.
1161 3535 1250 3606 aeon
1277 3535 1321 3603 de

178 3634 313 3706 Glosset.
335 3657 368 3722 p.
390 3642 578 3707 cao-481.

262 3744 377 3842 Itaque
400 3747 585 3816 certissimis
607 3750 801 3818 testimoniis
822 3749 1069 3837 comprobatum
1091 3755 1152 3831 est,
1176 3749 1320 3819 coenum

176 3853 358 3938 complures
388 3854 495 3924 fontes
521 3879 715 3943 usurpass03
743 3879 810 3945 qua
837 3879 874 3926 re
902 3860 1033 3945 cognita
1057 3860 1088 3928 ei
1110 3860 1321 3947 disputationi

175 3979 270 4028 omne
291 3960 536 4030 tundamentum
565 3965 707 4046 tollitur,
740 3986 826 4052 quas
851 3966 1010 4053 quidquid
1042 3968 1129 4054 apud
1149 3968 1316 4036 Liviume

175 4065 284 4136 Ocelio
307 4067 510 4154 desumptum
531 4072 669 4153 videtur,
691 4073 735 4140 ad
757 4072 900 4143 Silanum
920 4075 1083 4159 pertinere
1103 4074 1192 4141 dicit.

175 4173 367 4260 lioperrime
412 4183 521 4248 autem
565 4177 600 4248 0.
636 4179 812 4248 Boettcher
848 4181 1069 4267 (quaestiones
1109 4181 1243 4250 criticae
1277 4183 1318 4250 de
