2842 4642
733 32 773 93 41

185 207 227 270 22
250 201 427 270 invenimus
450 207 485 268 et
513 201 547 268 in
569 201 719 286 partibus
741 199 925 285 Polybianis
947 220 1113 285 nunqnam
1144 200 1250 267 solent
1271 201 1327 267 ‹ie-

186 330 268 376 esse.
313 308 395 374 Tum
417 329 493 376 vero
515 307 691 392 quaeritur,
715 327 791 372 num
814 304 966 391 Polybius
988 307 1068 373 haee
1096 308 1203 374 omnia
1225 329 1325 392 expo·
1347 373 1351 379 .

171 416 295 498 suerit,
326 422 385 482 aut
405 420 473 482 tam
506 415 573 482 late
607 413 800 497 exposuerit,
824 418 940 497 atque,
962 417 1000 479 ut
1019 412 1081 479 hoc
1101 413 1326 495 concedamus,

184 545 260 590 num
282 522 343 592 hoc
364 523 436 607 ipso
458 522 529 588 loco
551 521 674 588 iecerit.
719 519 803 586 Nam
825 520 855 585 si
876 519 941 587 alio
962 519 1033 586 loco
1056 521 1203 604 expositu
1222 527 1327 601 erant,

186 650 265 698 sane
286 650 352 697 non
373 629 440 696 vesi
461 627 566 696 simile
588 632 649 709 est,
694 626 819 692 Livium
843 631 902 692 aut
922 626 1049 711 priores
1061 633 1119 693 aut
1129 628 1327 712 posteriores

183 737 285 806 libros
308 737 350 804 ad
371 737 453 804 haec
472 736 582 820 capita
603 734 818 802 describenda
839 734 1021 820 inspexisse
1033 757 1042 816 3
1056 733 1239 802 -nihilenim
1257 756 1326 802 rer-

184 851 255 914 tora
277 845 414 926 solebat,
437 844 498 910 nisi
520 843 607 928 quod
628 843 662 910 in
683 847 839 928 promptu
859 848 940 908 erat.

271 952 386 1036 Itaque
408 971 449 1018 ex
470 950 605 1037 Polybio
630 950 796 1036 digressus
818 949 874 1017 ille
897 971 962 1016 non
983 949 1326 1034 videturdesumptus3

186 1079 289 1143 noque
311 1079 388 1126 vero
410 1057 511 1143 magis
535 1062 672 1139 constat,
695 1077 736 1122 ex
758 1077 899 1141 quonam
920 1055 1095 1124 alioionte.
1130 1055 1201 1124 Dici
1219 1064 1328 1124 tamen

184 1167 302 1248 potest,
325 1183 496 1229 excursum
518 1182 539 1229 a
560 1161 668 1245 capita
690 1162 732 1226 29
754 1159 1046 1244 separandumnon
1062 1180 1144 1243 esse,
1163 1161 1328 1245 quiainde

184 1271 313 1336 initium
334 1270 455 1353 capiat,
478 1267 565 1353 quod
585 1267 776 1337 Massinissa
796 1266 839 1334 ad
861 1265 1044 1352 Scipionem
1064 1269 1256 1351 pervenerit,
1279 1275 1328 1335 at·

184 1397 248 1462 que
269 1377 367 1444 rshns
389 1396 411 1443 a
431 1375 624 1444 Massinissa
646 1375 746 1462 gestis
769 1375 931 1443 onomatis
950 1374 1099 1460 explicet,
1122 1377 1165 1463 (c.
1179 1375 1235 1464 33)
1247 1397 1328 1461 qno·

184 1505 271 1551 mam
293 1484 389 1551 modo
411 1487 482 1550 tum
504 1483 641 1550 maxime
663 1481 706 1548 ad
728 1483 892 1549 Romanos
913 1483 1054 1549 transire
1075 1483 1229 1567 potuerit.
1284 1484 1329 1551 Et

184 1590 310 1658 initium
333 1590 433 1675 igitur
455 1594 488 1656 ct
510 1589 585 1658 finis
616 1609 689 1655 cum
723 1593 833 1656 cetera
867 1589 1054 1657 narratione
1080 1592 1253 1676 conjuncta
1282 1590 1328 1657 ri·

185 1697 313 1764 dentur.

272 1801 512 1887 Reputantihus
536 1808 654 1884 antem,
678 1823 774 1886 qnam
797 1822 872 1869 raro
897 1801 1007 1868 Livius
1029 1802 1064 1867 in
1085 1802 1248 1869 namando
1280 1803 1328 1868 di·

185 1929 327 1996 gressum
358 1929 379 1975 a
405 1909 572 1994 proposito
601 1915 754 1994 usurpet,
787 1910 889 1994 magis
912 1909 1009 1975 etiam
1031 1929 1224 1993 persuasum
1253 1911 1327 1990 erit,

186 2017 229 2084 ab
249 2037 288 2084 eo
311 2037 481 2084 excursum
492 2017 583 2084 illum
605 2016 739 2083 insonte
756 2037 814 2082 suo
833 2015 894 2082 hoe
906 2014 1059 2100 ipsoloco
1073 2017 1327 2084 esseinventum.

186 2126 337 2207 Accedit,
360 2125 445 2210 quod
468 2146 573 2210 neque
595 2132 693 2192 antea
714 2145 819 2209 neque
846 2131 962 2210 postea
990 2123 1142 2206 affertur,
1172 2125 1207 2192 id
1239 2126 1327 2211 quod

186 2234 353 2319 Appianas
374 2238 507 2316 narrat,
528 2233 657 2318 Libyca.
692 2255 719 2299 c.
732 2233 772 2315 X,
784 2233 1006 2299 Massinissam
1028 2236 1103 2299 ante
1127 2232 1250 2300 Cirtam
1274 2256 1326 2299 ur-

185 2341 259 2408 bem
291 2348 421 2426 captam
455 2362 566 2410 amore
607 2363 679 2407 cum
710 2341 897 2426 Sophoniba
926 2344 1130 2426 conjunctum
1161 2341 1261 2408 fnisse
1294 2350 1328 2409 et

187 2455 321 2534 propter
349 2449 493 2535 puellam
525 2449 588 2516 sibi
618 2455 765 2534 ereptam
787 2448 1104 2534 Carthaginiensibus
1135 2455 1169 2516 et
1190 2449 1328 2535 Syphaci

188 2557 474 2626 infensumfactum
485 2578 566 2625 esse.
588 2558 696 2624 Etiam
714 2578 867 2624 excursus
878 2558 945 2624 Lis.
961 2556 1077 2639 XXIX,
1088 2561 1139 2638 29,
1153 2562 1261 2624 6-33
1277 2564 1327 2625 ta·

185 2663 230 2730 lia
253 2662 448 2746 nonhabet,
471 2664 528 2730 sed
551 2665 587 2730 in
608 2663 658 2730 his
680 2685 809 2749 quoque
832 2663 928 2732 rebus
958 2684 1084 2749 semper
1116 2686 1188 2730 oum
1220 2671 1328 2730 cetera

186 2771 373 2858 narratione
395 2771 566 2838 consentit.
611 2771 706 2850 Quod
727 2777 837 2838 antem
857 2771 891 2836 in
924 2769 976 2837 his
1005 2769 1167 2854 capitibus
1198 2775 1327 2837 29-33

186 2877 340 2946 nonnulla
363 2862 578 2959 inveniuntur,
601 2899 687 2962 quae
708 2879 772 2944 nisi
793 2878 850 2962 qni
872 2898 944 2944 oum
967 2876 1155 2945 Massinissa
1176 2899 1328 2964 congres-

186 3006 241 3052 sus
271 2991 360 3067 erat,
387 2985 440 3050 vix
469 2989 601 3068 poterat
622 2986 725 3064 scire,
757 2985 964 3052 nullomodo
993 2987 1175 3053 sententiae
1196 2992 1328 3054 nostrae

187 3093 314 3174 obstat3
343 3112 418 3158 nam
441 3091 541 3158 etiam
564 3111 647 3177 qnae
668 3092 714 3175 L,
736 3092 837 3175 XXX,
862 3095 989 3159 11-15
1012 3093 1327 3178 expositasnnt,ae·

186 3201 420 3267 curatissimam
443 3200 655 3285 cognitionem
676 3221 757 3285 prae
780 3221 815 3267 se
828 3199 946 3267 ierunt.
989 3201 1113 3286 Itaque,
1132 3223 1328 3288 quamquam

187 3329 252 3386 non
273 3329 406 3393 prorsus
430 3313 552 3375 eertum
571 3308 725 3395 judicium
747 3308 902 3375 audemus
924 3308 1019 3391 ierre,
1042 3313 1152 3376 tamen
1168 3331 1233 3378 non
1247 3312 1328 3379 mul·

187 3421 257 3482 tum
277 3437 300 3482 a
320 3416 459 3482 veritato
491 3415 586 3484 nobis
608 3415 754 3484 videmur
775 3411 947 3498 aberrare,
983 3415 1011 3482 si
1032 3436 1060 3481 e.
1082 3417 1197 3501 XXIX,
1231 3423 1284 3501 29,
1307 3425 1327 3484 θ

190 3527 274 3590 -33
297 3524 338 3590 ad
362 3525 497 3593 eundem
520 3524 657 3608 fontem,
679 3525 723 3592 ad
745 3547 840 3610 quem
862 3545 972 3592 omnes
993 3526 1196 3594 narrationes
1218 3549 1327 3594 rernm

187 3633 220 3698 in
232 3631 342 3698 Africa
364 3639 398 3699 et
420 3633 580 3718 Hispania
602 3656 623 3701 a
646 3634 794 3719 Scipione
816 3637 980 3719 gestarum
1002 3633 1167 3718 pertinere
1178 3634 1327 3702 dicimus.

274 3739 376 3818 Quam
408 3747 618 3810 arcteautem
627 3743 694 3808 Lis.
708 3742 831 3823 XXIX,
852 3762 880 3809 e.
901 3745 1031 3809 34-36
1051 3743 1325 3826 enmXXIX,29,

187 3847 366 3929 cohaereat,
389 3870 461 3915 enm
494 3869 553 3933 per
574 3871 609 3916 se
632 3855 744 3935 patet,
775 3850 967 3918 tumetium
991 3858 1129 3935 apparet
1149 3871 1190 3917 ex
1210 3853 1326 3935 XXIX,

189 3959 239 4034 33,
273 3959 310 4037 3,
344 3954 400 4022 nbi
431 3957 603 4040 respicitur
636 3958 678 4024 ad
701 3957 861 4042 Scipionis
882 3965 989 4025 casua
1017 3958 1059 4024 ad
1082 3957 1220 4036 Uticam,
1243 3982 1328 4045 quae

187 4062 229 4130 ah
252 4084 291 4132 eo
314 4068 402 4130 mota
425 4085 495 4132 esso
517 4071 702 4132 narramur.
748 4067 858 4152 Atque
879 4088 951 4134 cum
974 4066 1149 4134 haecinter
1164 4071 1327 4137 seeohae·

187 4176 291 4254 reant,
314 4193 356 4240 ex
377 4171 438 4240 hoc
460 4173 532 4259 ipso
553 4172 625 4242 loco
647 4174 752 4260 magis
775 4175 873 4244 suam
884 4175 1101 4244 demonstrari
1113 4179 1233 4262 potest,
1242 4199 1327 4263 quae
1408 4170 1409 4247 i
