2842 4642
741 10 781 74 13

186 177 731 264 puaoppugnandarersatuserat,
753 181 806 246 vix
829 185 956 248 tantum
967 184 1120 266 temporis
1131 187 1336 270 suppetiisse,

186 293 224 353 ut
245 286 401 354 adversus-
422 286 663 356 Hasdrubalem
687 289 800 356 eadem
823 296 949 358 aestate
971 312 1024 358 res
1040 313 1153 378 gerere
1166 297 1335 378 potuisset.

273 395 336 462 Sed
359 395 387 461 si
410 417 436 462 c.
464 399 503 461 18
526 402 665 481 atquae
688 403 887 481 sequuntur,
910 399 1090 483 intuemur,
1113 402 1223 468 omnia
1244 426 1335 489 pror·

186 523 242 570 sus
265 503 361 570 aliter
381 525 418 570 se
439 503 571 572 habeut.
616 505 680 572 Res
703 527 724 572 a
745 505 868 574 Maroio
890 513 924 573 et
944 530 966 574 a
986 509 1114 576 Nerone
1134 516 1247 595 gestas
1268 534 1335 580 non

185 611 322 679 multum
344 610 520 695 profecisse
540 611 705 694 videntum
726 617 794 679 tres
819 613 903 683 enirn
916 616 1077 683 exereitus
1090 615 1335 702 Carthaginien·

186 718 268 784 sium
292 739 421 786 omnem
442 717 630 785 ulteriorem
650 719 849 803 provinciam
870 720 1033 804 obtiueut3
1060 724 1128 791 Liv.
1144 725 1259 809 XXVI,
1281 731 1335 809 20,

187 831 206 890 6
230 847 329 894 novus
351 827 543 912 imperatur,
564 827 600 894 P.
617 827 787 896 Cornelius
798 829 916 914 Scipio,
938 832 1050 916 populi
1071 833 1223 919 suffragio
1246 855 1334 907 crea-

184 939 239 1002 tus
260 935 294 1002 in
316 937 516 1021 provinciam
537 935 700 1018 mittitur3
722 940 813 1022 eujus
835 938 899 1004 iter
920 939 1160 1006 accuratissime
1182 942 1334 1010 describi·

184 1047 249 1125 tur,
271 1065 299 1108 o.
322 1048 374 1127 20,
403 1049 459 1126 103
493 1050 609 1128 atque,
639 1045 673 1112 id
696 1045 784 1130 quod
806 1047 981 1112 maximum
1002 1053 1066 1130 est,
1087 1049 1122 1114 in
1143 1049 1332 1134 fragmentis

183 1152 369 1238 Polybianis
393 1153 471 1219 inde
497 1152 540 1218 ab
563 1151 624 1220 boe
654 1153 727 1220 loco
756 1158 885 1220 tantum
912 1174 984 1220 eum
1015 1155 1108 1222 LivIo
1139 1179 1330 1226 eonsensum

184 1266 219 1328 et
235 1283 344 1333 rorum
376 1268 410 1328 et
440 1261 609 1329 verborum
642 1262 840 1345 invenimus,
877 1268 914 1329 ut
941 1266 1213 1348 comparationem
1235 1269 1331 1335 insti-

183 1375 286 1450 tuere,
310 1369 424 1436 summi
447 1371 601 1438 momenti
623 1369 868 1438 videaturesse.
912 1370 981 1436 Pol.
992 1371 1032 1451 X,
1059 1375 1174 1439 1-21.
1191 1379 1330 1462 34-41,

182 1476 251 1544 tie,
272 1476 388 1559 xxvl,
410 1498 438 1544 a
465 1482 548 1544 ra·-
570 1499 598 1544 0.
622 1482 675 1560 20,
699 1483 729 1544 o.
752 1499 779 1544 ο.
803 1479 1094 1560 40-51.XXV11,
1117 1500 1145 1550 ο.
1172 1487 1308 1550 17-20.

268 1585 493 1652 Leehnmnnus
513 1585 626 1670 'igitur
646 1586 695 1667 II,
719 1591 875 1670 48-49,
897 1592 1006 1671 putat,
1046 1609 1073 1654 e.
1097 1593 1139 1654 20
1168 1612 1232 1657 non
1260 1613 1331 1660 esse

181 1691 405 1779 polybianum3
428 1714 455 1759 o.
469 1697 511 1760 40
523 1698 557 1760 et
578 1715 661 1778 quae
684 1699 875 1778 sequuntur,
896 1695 1005 1762 omnia
1016 1695 1058 1762 ad
1070 1695 1235 1782 Polybium
1257 1722 1330 1785 per·

181 1801 303 1883 tinere,
326 1801 382 1867 sed
401 1801 575 1886 ampIIores
599 1802 698 1868 etiam
721 1801 855 1868 annales
874 1821 946 1868 esse
962 1809 1146 1886 usurpatos.
1159 1842 1201 1856 -
1237 1806 1328 1886 Quod

182 1907 225 1974 ad
248 1930 275 1975 o.
299 1913 342 1975 20
364 1915 452 1976 reote
474 1912 642 1997 perspexit
663 1910 760 1978 homo
780 1910 908 1978 doetus.
959 1911 1069 1978 Livius
1090 1913 1175 1981 euim
1196 1937 1221 1981 o.
1248 1921 1330 1982 18-

185 2021 224 2082 la
243 2015 423 2102 Scipionem
447 2018 677 2103 imperatorem
700 2024 846 2086 creatum
867 2025 990 2099 narrat,
1011 2019 1167 2108 additque
1188 2022 1330 2109 descrip-

181 2125 302 2192 tionem
324 2145 451 2192 morum
473 2126 589 2192 summi
611 2127 682 2208 viri,
705 2126 747 2192 de
769 2147 833 2211 quo
856 2126 987 2194 eaedem
1003 2126 1223 2213 ferefabulae,
1246 2153 1329 2215 quae

181 2232 223 2298 do
244 2231 431 2302 Alexandro
452 2234 570 2320 Magno
594 2234 784 2302 afferuntur.
807 2257 834 2302 o.
861 2240 910 2315 19,
935 2241 965 2300 7.
1013 2235 1134 2305 Eadem
1158 2238 1247 2322 apud
1266 2239 1329 2308 Po·

179 2341 303 2426 lybium
324 2342 491 2428 leguntur„
506 2363 702 2428 quamquam
725 2343 789 2411 alio
809 2344 915 2410 modo.
960 2342 1052 2421 Quae
1060 2344 1129 2410 Liv.
1152 2346 1328 2432 deSeipio·

180 2451 232 2517 uis
254 2451 414 2517 creatione
437 2472 468 2518 e..
492 2455 549 2534 18,
573 2456 691 2518 6-11
718 2453 815 2533 dicit,
844 2473 979 2536 prorsus
1008 2452 1143 2536 desunt3
1174 2463 1329 2524 narratur

180 2563 291 2624 autem
301 2557 412 2626 Laelio
435 2563 531 2639 teste,
554 2559 716 2645 quomodo
738 2560 854 2627 aedilis
869 2561 976 2627 faetus
999 2561 1052 2643 sit,
1074 2561 1114 2644 X,
1138 2567 1239 2648 4--53
1262 2588 1327 2652 qua

181 2664 216 2730 in
238 2666 425 2732 narratione
446 2666 603 2734 nonnulla
623 2667 848 2749 inueniuntur,
873 2689 958 2752 quae
977 2669 1059 2735 Lirii
1080 2671 1187 2738 verbis
1209 2673 1328 2742 similia

179 2778 267 2854 sunt,
290 2772 347 2838 uir.
369 2773 523 2859 Polybius
544 2773 585 2854 X,
610 2778 639 2855 5,
663 2779 693 2838 2.
739 2774 847 2842 Livius
869 2775 983 2855 XXVI,
1012 2781 1061 2857 18,
1085 2781 1116 2842 7.

266 2879 305 2945 Iu
327 2879 485 2965 Scipionis
518 2886 627 2946 autern
662 2882 809 2948 moribus
845 2882 1065 2950 describendis
1094 2881 1206 2967 Polyb.
1226 2882 1271 2965 X,
1294 2886 1326 2965 2,

183 2991 273 3053 12-
286 2993 324 3054 13
354 2988 449 3070 dicit,
483 3009 555 3054 aum
579 2989 666 3056 omni
686 2990 918 3074 superstitione
949 2989 1090 3056 liberum
1111 2990 1327 3057 multitudinis

179 3096 303 3162 animus
326 3096 389 3162 sibi
413 3097 572 3181 propitios
594 3097 794 3180 reddidisse,
818 3119 889 3162 cnm
912 3119 948 3162 se
970 3107 1041 3162 oum
1065 3098 1128 3166 diis
1150 3101 1327 3169 eommuni-

178 3224 253 3270 oare
275 3204 409 3271 consilia
431 3204 584 3290 fingeret,
615 3205 702 3290 quod
725 3207 831 3271 miuus
852 3211 941 3271 reete
963 3207 1095 3290 exponit
1115 3206 1184 3273 Lir.
1207 3207 1325 3289 XXVI,

181 3317 231 3394 19,
254 3318 275 3378 4
298 3315 380 3400 (sire
401 3314 471 3400 ipse
496 3315 582 3398 eapti
602 3314 744 3398 quadam
766 3315 995 3400 superstitione
1017 3315 1138 3396 animi).
1181 3315 1326 3384 Fabulae

178 3427 306 3505 autem,
330 3443 413 3508 quae
434 3423 520 3508 apud
544 3423 669 3490 Livium
692 3424 814 3506 XXVI,
850 3429 907 3506 19,
932 3430 949 3488 7
973 3423 1144 3509 leguntur,
1164 3425 1284 3493 absunt
1305 3447 1326 3492 a

176 3527 333 3614 Polybio,
355 3535 454 3615 atqua
476 3531 604 3598 omnino
626 3531 667 3598 ab
691 3552 730 3598 eo
745 3530 860 3598 abesse
883 3530 1066 3615 debebant3
1100 3533 1187 3600 unde
1208 3555 1267 3618 per
1290 3553 1325 3599 se

176 3641 286 3720 patet,
308 3637 432 3704 Livium
456 3641 525 3725 ejus
547 3659 645 3726 opera
667 3638 730 3705 hoo
750 3638 822 3705 loeo
844 3659 909 3704 non
931 3659 1003 3705 esse
1024 3661 1128 3706 usum.

264 3743 374 3812 Livius
395 3743 511 3811 deinde
531 3744 653 3828 XXVI,
692 3750 749 3828 19,
774 3748 865 3811 10-
878 3749 938 3829 20,
961 3751 980 3810 6
1013 3747 1145 3830 exponit
1165 3745 1323 3830 Scipionis

175 3851 241 3919 iter
262 3853 297 3918 in
318 3851 509 3938 HispanIam
532 3860 631 3939 atque
654 3857 722 3940 ejus
745 3853 928 3919 adrentum.
983 3853 1234 3920 Aoouratissime
1263 3874 1323 3919 no-

176 3959 320 4028 minatur
341 3983 492 4028 numerus
514 3967 547 4028 et
569 3983 669 4049 genus
692 3961 927 4044 nariume.19,
952 3963 1009 4043 11;
1030 3961 1156 4026 itineris
1179 3960 1323 4044 directio,

175 4069 266 4155 origo
287 4069 379 4138 urbis
401 4069 565 4158 Massiliae
588 4077 621 4138 et
643 4070 870 4155 Emporiorum
892 4090 913 4135 a
931 4068 1096 4152 Phocaea,
1123 4069 1171 4135 ita
1193 4074 1231 4136 ut
1252 4068 1324 4136 Iou-
1412 4070 1413 4075 ’

173 4184 240 4244 tem
263 4179 439 4265 optimum,
463 4200 599 4265 eumque
621 4201 772 4266 graecum
794 4177 970 4262 suspiceris
993 4197 1074 4244 esse.
1132 4177 1212 4244 Tum
1244 4177 1325 4245 Tar-
