2842 4642
748 22 785 86 11

193 197 370 285 Hispaniae
392 201 427 266 et
446 194 580 266 Africae
600 195 776 275 continent,
798 213 885 279 qnae
895 191 1030 280 Polybio
1051 191 1214 262 simillima
1235 213 1341 282 neque

193 310 304 372 mmen
326 323 366 369 ex
387 322 427 370 eo
447 300 620 384 desumpta
641 299 792 379 diximus,
814 319 875 364 uos
895 303 1131 366 convertamus.

283 411 332 477 Ac
353 408 493 495 primum
515 407 663 492 quidem,
697 407 726 472 si
748 406 953 474 narrationes
981 424 1090 472 rerum
1115 405 1221 474 iubis
1243 409 1341 476 terris

195 525 359 605 gestarum
382 517 635 603 perlustramus,
666 515 835 584 haeremus
854 516 889 582 in
910 514 995 584 libro
1014 515 1114 596 XXV,
1136 537 1163 582 c.
1186 521 1340 583 32ψ32.

194 627 325 694 Etenim
345 647 419 693 cum
440 626 475 692 in
496 623 559 692 boc
580 622 665 691 libro
693 644 747 690 res
779 623 814 688 in
836 621 931 692 ltalia
961 628 1073 708 gestae
1101 625 1341 692 accuratissime

194 733 413 819 explicentur,
436 730 621 800 nominibus
643 730 829 814 regionum,
858 728 1008 812 urbium,
1036 730 1181 798 vicorum
1202 730 1342 813 additis,

193 843 311 910 mirum
333 845 490 926 quantum
513 857 624 905 earum
646 857 756 902 rerum
770 836 805 901 in
814 835 974 921 Hispania
995 837 1039 904 sit
1060 837 1229 922 scriptoris
1250 839 1341 923 igno·

193 949 311 1016 nantia.
355 946 489 1014 Publius
510 945 610 1030 igitur
632 948 666 1012 et
689 942 747 1010 Cn.
759 941 867 1028 Scipio
888 964 930 1011 ex
949 942 1104 1026 hibernis,
1126 965 1211 1029 quae
1230 946 1341 1030 ignota

193 1062 288 1140 sunt,
320 1055 586 1141 proficiscuntur;
608 1073 636 1118 o.
660 1055 713 1134 32,
739 1056 775 1129 1;
806 1050 891 1118 altor
912 1056 1028 1120 eontra
1048 1051 1235 1139 Magonem,
1255 1053 1342 1120 alter

193 1171 306 1233 contra
326 1161 565 1230 Hasdrubalem
587 1158 812 1239 iterfecturus,
843 1179 927 1244 qnos
948 1157 1005 1226 ubi
1026 1167 1194 1228 versentur
1215 1160 1340 1246 ignora·

192 1291 275 1352 mus,
297 1269 359 1338 nisi
372 1267 459 1354 quod
467 1251 635 1353 Magonem
644 1265 787 1351 quinque
798 1263 922 1330 dierum
930 1264 995 1332 iter
1015 1264 1131 1332 abesse
1142 1265 1291 1334 audimus
1302 1266 1340 1349 8).

192 1377 327 1445 Publius
360 1381 468 1444 eutem
490 1395 512 1442 a
533 1374 650 1441 Poenis
684 1373 922 1440 circumventus
949 1391 1022 1438 cum
1045 1374 1191 1440 exercitu
1212 1373 1340 1440 deletur

193 1485 306 1570 paucis
335 1482 479 1569 perlegis
510 1481 632 1548 relictis
654 1502 682 1548 c.
707 1481 769 1561 35,
795 1483 862 1561 153·
884 1498 990 1564 neque
1011 1478 1147 1561 dicitur,
1169 1501 1234 1565 quo
1255 1480 1339 1570 loco,

194 1592 313 1660 (ineius
335 1597 448 1660 centn
469 1591 512 1658 ab
535 1588 687 1674 Hispanis
709 1587 904 1654 destistutus
925 1607 961 1654 se
982 1587 1112 1671 recipit,
1135 1608 1240 1674 neque
1261 1588 1341 1656 dici·

193 1707 265 1784 tur,
292 1701 326 1768 iu
348 1721 445 1786 qnam
466 1699 648 1784 regionem3
681 1695 781 1762 Poeni
801 1715 874 1760 eum
895 1695 1056 1779 persecuti
1078 1694 1341 1778 droamvoniunt,

197 1829 301 1894 neque
323 1808 451 1891 dicitur,
475 1827 540 1892 quo
562 1804 643 1872 loco.
667 1824 696 1870 c.
721 1807 875 1869 35—36.
926 1803 1020 1868 Nunc
1041 1802 1169 1870 demum
1192 1825 1219 1870 c.
1244 1809 1296 1886 37,
1320 1809 1342 1870 8

193 1917 352 2001 andimus,
374 1917 500 1984 Poenos
511 1914 668 1982 Hiberum
682 1911 859 1992 transiisse,
880 1909 966 1976 nude
987 1917 1135 1996 apparet,
1158 1932 1243 1997 quae
1263 1919 1341 1981 ante

195 2031 329 2094 narrata
352 2029 462 2107 mant,
483 2023 516 2090 iu
538 2023 692 2090 ulteriore
714 2019 873 2105 Hispania
893 2024 987 2104 gesta
1009 2040 1099 2102 esse;
1120 2019 1262 2090 Marcius
1283 2044 1341 2089 au·

193 2142 270 2218 tem,
293 2153 392 2219 eques
415 2133 591 2214 Romanus,
613 2150 715 2215 parvo
738 2129 880 2195 exercitu
901 2127 1037 2196 collecto
1058 2129 1198 2213 primum
1214 2130 1340 2199 Poenos

194 2265 215 2311 a
236 2242 322 2312 vallo
344 2247 489 2324 coercet,
511 2246 582 2308 tum
603 2249 676 2305 unr'
692 2242 788 2304 nocte
808 2237 874 2304 duo
894 2245 1004 2304 castra
1026 2236 1205 2306 Poenorum
1229 2241 1339 2325 oppri-

193 2352 253 2418 mit
273 2350 434 2436 capitque,
456 2349 510 2416 vix
531 2347 645 2415 nmtio
667 2346 770 2414 eladis
792 2345 915 2412 relicto.

283 2460 400 2542 Itaque
421 2457 509 2524 intra
531 2461 654 2541 septem
688 2455 830 2540 capitum
857 2453 1000 2537 spatium
1021 2475 1133 2522 omnes
1154 2455 1254 2522 Poeni
1276 2478 1341 2524 non

194 2567 300 2634 minus
321 2566 438 2634 misere
459 2565 644 2650 perierunt,
674 2585 770 2648 quam
793 2562 946 2645 Romani,
977 2582 1037 2631 nos
1068 2568 1176 2630 autem
1205 2586 1279 2632 cum
1300 2586 1341 2632 ex

194 2681 265 2744 tota
288 2673 520 2759 descriptione,
555 2677 623 2739 tum
648 2672 751 2738 exiis
773 2691 858 2756 quae
888 2678 1085 2756 sequuntur,
1124 2673 1340 2759 suspicionem

193 2783 346 2868 capimus,
368 2802 421 2848 res
442 2800 507 2848 non
528 2780 576 2847 ite
597 2784 705 2864 gmtas
728 2799 808 2860 esse,
830 2778 1034 2846 sicutbivius
1055 2779 1206 2867 narrati)
1249 2780 1339 2848 Haec

195 2891 304 2960 omnio
337 2889 421 2956 enim
455 2907 574 2973 magno
607 2886 778 2954 verborum
810 2885 982 2971 splendore
1008 2893 1126 2954 ornata
1147 2895 1246 2973 atque
1267 2895 1341 2956 arto

196 2997 359 3066 rhetorica
381 2994 525 3081 expolita
556 2995 643 3062 inter
674 2993 909 3079 pulcherrimas
943 2995 1051 3078 operis
1071 2995 1197 3062 Liviani
1229 3002 1343 3080 partes

196 3107 403 3186 referuntur3
431 3109 531 3189 atque
552 3100 681 3169 videtur
703 3102 842 3186 scriptor
862 3123 903 3167 ex
923 3100 985 3168 hac
1006 3103 1206 3186 uenatione,
1229 3125 1342 3188 quam·

194 3234 292 3300 quam
329 3211 416 3278 omui
452 3211 620 3296 regionum
656 3209 842 3277 delinitione
872 3214 907 3276 ot
937 3229 1047 3275 rerum
1078 3210 1165 3276 inter
1186 3231 1222 3277 se
1254 3232 1338 3278 nexu

194 3327 294 3402 caret,
316 3322 410 3405 quasi
431 3318 583 3404 gaudium
605 3317 768 3402 quoddam
790 3318 1037 3404 percepissem).

267 3495 298 3560 8)
315 3490 438 3561 Accedit,
457 3487 530 3560 qnod
548 3490 623 3546 locus
642 3505 698 3544 non
716 3489 752 3544 ab
771 3489 846 3544 omni
869 3489 994 3561 graviore
1011 3490 1168 3561 corruptela
1186 3495 1278 3561 vacat3
1304 3493 1343 3547 sic

195 3603 222 3643 c.
240 3587 284 3651 32,
303 3589 320 3641 2
338 3602 390 3656 pro
411 3583 486 3640 ›lbi‹
505 3583 586 3639 malis
603 3600 704 3639 nomen
722 3583 800 3639 urbis
817 3583 888 3655 legi3
914 3588 1024 3655 poterae
1042 3583 1077 3640 de
1098 3584 1178 3640 »lde«
1197 3586 1241 3643 vel
1261 3585 1341 3641 »Ibo«

193 3679 238 3750 (L.
256 3677 389 3746 xxvlu,
407 3680 459 3742 21,
477 3677 506 3748 7)
523 3677 661 3749 cogitem
690 3678 774 3733 etiam
792 3677 947 3749 Amtorgis,
967 3695 992 3733 c.
1010 3680 1062 3743 22,
1078 3679 1110 3742 5,
1139 3677 1182 3734 vel
1200 3678 1343 3750 Antorgeo,

193 3791 219 3828 c.
230 3775 275 3843 82,
293 3789 349 3828 non
367 3774 461 3842 potest
478 3775 551 3826 reete
569 3768 683 3840 bebera3
701 3787 813 3841 prorsus
830 3775 962 3842 corrupta
973 3774 1038 3826 sunt
1055 3788 1079 3828 o
1089 3774 1134 3842 38,
1152 3775 1233 3828 2-8.
1250 3773 1342 3830 Etiam

194 3865 267 3922 ratio
285 3863 465 3937 belligerendi
483 3881 509 3920 c.
527 3865 571 3933 82,
589 3866 661 3920 4-6
678 3869 709 3920 et
726 3868 771 3929 22,
793 3869 826 3921 10
843 3882 899 3920 non
917 3864 1089 3936 perspicitur.

265 3961 294 4030 9)
311 3959 353 4016 De
382 3957 591 4016 difficultatibus
615 3957 817 4031 chronologicis
844 3959 923 4014 bnins
941 3959 995 4013 loci
1012 3957 1062 4014 cir.
1080 3957 1114 4014 U.
1132 3957 1247 4026 Becker,
1273 3960 1343 4017 Vor-

193 4054 316 4111 arbeiten
334 4071 368 4108 an
385 4052 461 4106 einer
478 4050 643 4108 (iesobiohte
660 4051 710 4107 des
735 4056 800 4108 iton
816 4049 967 4124 punieoben
984 4050 1099 4122 Kriegea
1116 4051 1156 4121 (in
1174 4048 1343 4108 Dablmanns

193 4145 387 4217 Forsohungen
402 4145 438 4215 ll,
457 4141 484 4214 2)
494 4163 501 4214 ;
519 4163 548 4216 p.
566 4147 648 4201 113-
660 4149 722 4200 114.

267 4241 313 4308 10)
331 4239 393 4296 Non
410 4237 469 4295 aine
486 4237 577 4309 aliqua
594 4238 717 4297 reritstis
734 4237 826 4312 specie
844 4235 995 4309 Claudium,
1013 4235 1060 4306 qui
1078 4237 1195 4296 dundee
1206 4235 1344 4296 Acilianos
