2842 4642
655 42 694 104 10

105 223 264 274 consensu
296 227 369 275 curn
403 208 438 275 in
465 209 588 296 judicio
620 209 662 276 de
694 209 811 276 ceteris
839 227 931 294 capp.
965 208 1098 278 ferendo
1128 209 1172 278 sit
1192 230 1248 276 ox·

104 313 263 396 eundum,
293 314 326 382 id
346 319 415 402 jam
437 337 497 401 per
518 337 553 382 se
576 322 676 401 patet,
699 317 741 383 de
762 317 802 382 iis
825 316 922 383 rebus
947 317 1078 384 omnino
1107 318 1161 401 agi
1183 337 1248 382 non

104 441 219 504 posse,
251 443 336 507 qnae
357 423 399 490 ad
421 425 629 508 magistratus
662 423 839 505 creandos,
872 424 1021 509 prodigia
1041 423 1247 504 recensenda,

104 527 187 610 alia,
221 531 359 614 quaein
381 530 551 598 annalibus
572 531 753 615 perscripta
774 536 886 613 erant,
921 533 1103 616 pertinent,
1136 527 1248 616 qualia

107 641 183 704 sunt
202 634 306 704 XXVI
328 660 356 705 c.
384 643 482 720 1-43
504 659 531 704 c.
554 640 699 719 21-243
719 660 748 704 c.
772 641 911 706 26-37.
933 639 1063 722 XXVII,
1085 661 1112 704 c.
1125 641 1248 719 4-113

103 767 132 812 c.
156 749 300 827 20—273
323 769 351 812 c.
366 749 417 829 33,
441 750 559 812 6-38.
581 745 726 827 XXVIII,
748 766 776 812 ο.
789 752 819 829 4,
844 750 946 828 5-73
968 750 1124 814 ee-la.
1157 745 1249 826 Quae

101 873 175 920 eum
188 874 208 920 a
221 851 355 938 Polybio
367 873 500 938 prorsus
522 852 799 938 abessedebeant,
820 855 921 922 missa
941 855 1115 937 iaciamus3
1136 854 1193 921 sed
1208 876 1248 921 ea

102 977 242 1042 quoqne,
264 978 347 1042 qnae
370 979 424 1026 res
446 958 481 1028 in
491 957 587 1026 Italia
609 957 651 1024 ab
668 956 850 1025 Hannibale
871 964 905 1024 et
919 965 1118 1026 contraeum
1140 965 1249 1043 gestas

102 1062 279 1144 continent,
301 1067 361 1130 aut
382 1061 549 1148 aPolybio
571 1083 704 1146 prorsus
726 1061 932 1145 dissentiunt,
954 1070 1013 1130 ant
1035 1064 1116 1130 talia
1137 1062 1248 1130 riden-

102 1173 168 1251 tnr,
192 1168 248 1236 nbi
269 1169 451 1254 fragmenta
472 1190 532 1237 nos
554 1169 728 1251 deficiunt,
750 1170 803 1236 vix
824 1175 862 1236 ut
882 1171 916 1236 in
937 1159 1120 1255 pragmatia
1139 1168 1246 1236 locum

101 1275 254 1344 babuisse
273 1277 409 1362 possint.
453 1277 506 1344 Sic
526 1277 614 1362 apud
633 1276 758 1343 Livium
779 1275 889 1359 XXVI,
912 1298 940 1343 c.
968 1281 1092 1344 14-17
1115 1278 1148 1343 in
1169 1299 1245 1344 nar-

102 1383 204 1452 randa
216 1385 346 1471 Capuae
368 1387 606 1472 oppugnatione
628 1386 780 1469 traditur,
802 1385 934 1454 Fulvius
953 1387 1067 1454 consul
1086 1407 1151 1454 una
1172 1408 1245 1453 cnm

101 1489 280 1578 legionibus
303 1494 414 1579 capua
436 1495 549 1562 relicta
564 1493 784 1568 Hannibalem
806 1494 994 1560 adRomam
1015 1499 1145 1562 secutus
1165 1514 1246 1575 esse,

101 1622 200 1686 quam
214 1605 435 1671 narrationem
446 1603 525 1670 nibil
536 1603 727 1672 crediderim
740 1625 823 1685 esse,
846 1604 909 1671 nisi
918 1604 1131 1672 imitationem
1143 1604 1247 1670 notie'·

100 1711 172 1778 simi
192 1711 279 1779 illius
293 1713 418 1780 itineris
439 1713 577 1780 Neronis
598 1718 712 1779 contra
732 1711 979 1779 Hasdrubalem.
1027 1713 1094 1781 Lis.
1116 1711 1246 1794 XXVII,

102 1839 130 1886 c.
139 1825 191 1900 43,
204 1826 233 1886 9.
256 1820 409 1906 Polybius
431 1826 541 1886 autem
563 1821 762 1886 contrarium
784 1819 895 1888 affert:
916 1821 971 1903 IX,
987 1826 1051 1904 7‚7
1073 1820 1247 1902 μένοονίπὶ

100 1931 154 2014 τῆς
169 1927 444 2012 comprimereris
459 1935 532 2014 περὶ
549 1950 604 1993 nov
619 1929 773 2005 Ἆπποον,
795 1928 939 2014 dicitque
959 1929 1023 2011 IX,
1046 1933 1067 1994 8
1089 1929 1246 1996 consules

101 2035 222 2102 dilectu
243 2036 327 2104 sorte
349 2036 408 2104 sub
430 2037 463 2102 id
486 2037 590 2122 ipsum
612 2042 741 2120 tempus
754 2036 916 2118 instituto,
939 2036 1132 2103 subitarium
1153 2057 1245 2103 exer-

103 2145 202 2212 citum
224 2151 338 2212 contra
359 2143 575 2212 Hannibalem
598 2145 760 2212 eduxisse.
781 2179 824 2194 -
865 2143 956 2210 Idem
977 2143 1119 2229 quadrat
1138 2145 1174 2211 in
1195 2165 1245 2227 ea,

101 2271 186 2336 qnae
207 2253 241 2318 in
262 2253 330 2319 Liv.
353 2252 436 2319 libro
458 2251 579 2319 XXVII
598 2251 769 2336 leguntur,
802 2271 842 2318 ac
862 2251 1000 2318 maxime
1020 2252 1055 2317 in
1076 2272 1131 2334 ea,
1161 2273 1245 2337 quae

102 2360 142 2427 de
164 2382 273 2447 pugna
293 2360 336 2427 ad
359 2361 541 2428 Metaurum
569 2367 762 2444 narrantur,
795 2381 991 2447 quamquam
1023 2360 1185 2427 nonnullis
1210 2361 1245 2426 in

102 2470 198 2537 rebus
230 2490 301 2536 cum
324 2469 457 2556 Polybio
489 2469 639 2536 videmur
671 2470 861 2538 consumite.
915 2468 981 2536 Sed
1012 2469 1100 2554 apud
1120 2468 1245 2536 Livium

101 2578 246 2664 legimus,
268 2579 404 2662 XXVII,
435 2584 488 2660 47,
511 2584 531 2646 9
554 2577 792 2646 Hasdrubalem
815 2601 836 2647 a
857 2577 994 2645 ducibus
1014 2576 1179 2644 dommum
1200 2577 1244 2644 ad

100 2707 242 2772 pugnam
263 2694 410 2754 coactum
432 2709 519 2769 asse3
540 2688 694 2774 Polybius
707 2687 755 2754 XI
778 2691 808 2770 3,
834 2692 850 2752 l
875 2686 987 2753 Gallos
1008 2685 1083 2754 rino
1103 2685 1244 2771 repletos

101 2797 189 2864 circa
208 2797 277 2863 vias
298 2802 419 2876 enatos
440 2795 539 2862 fuisse
559 2801 689 2878 narrat,
719 2817 801 2882 quos
822 2795 930 2864 Livius
958 2816 1070 2863 somno
1091 2793 1244 2879 fatigatos

100 2905 135 2972 in
157 2911 278 2972 terram
299 2905 449 2990 delapsos
471 2905 609 2972 dixerat.

187 3013 252 3082 Sed
272 3034 324 3082 res
345 3015 380 3082 in
401 3013 560 3100 HispanIa
582 3019 615 3080 et
636 3012 672 3080 in
697 3011 811 3080 Africa
835 3034 856 3080 a
878 3011 1029 3098 ScipIone
1046 3018 1156 3099 gestae
1175 2977 1244 3080 iere
1303 3106 1306 3110 .

100 3142 227 3207 semper
244 3121 357 3190 eodem
373 3121 479 3204 modo,
499 3143 563 3207 quo
580 3143 602 3189 a
616 3120 751 3208 Polybio
770 3127 994 3206 exponuntur,
1015 3142 1243 3207 nonnunquam

100 3231 198 3298 etiam
208 3231 259 3312 iis,
276 3231 406 3316 quaein
424 3229 539 3297 Italiae
550 3228 647 3296 rebus
659 3231 758 3314 gestis
769 3229 940 3296 narrandis
952 3229 1140 3309 afferuntur,
1151 3250 1244 3313 pror·

100 3359 155 3405 sus
167 3345 357 3422 repugnant.
402 3337 455 3404 Sic
470 3337 503 3404 in
517 3336 615 3405 rebus
627 3336 785 3421 Scipionis
796 3321 975 3403 tradendis
985 3357 1148 3422 nunquam
1163 3337 1244 3402 dici-

101 3456 172 3530 tur,
195 3445 380 3514 Hasdrubal
412 3446 476 3513 sibi
507 3447 715 3538 proposuisse
745 3445 780 3512 in
804 3445 934 3512 Italiam
955 3445 1122 3531 trajicere,
1144 3444 1243 3512 immo

101 3561 175 3641 post
196 3574 335 3639 pugnam
358 3553 400 3620 ad
421 3553 596 3620 Baeculam
616 3552 736 3620 iactam
767 3550 897 3620 demum
925 3551 1052 3619 videtur
1083 3551 1145 3620 hoc
1166 3573 1244 3620 con·

100 3663 208 3732 silium
229 3663 371 3747 cepisse,
393 3663 480 3747 quod
502 3664 537 3730 in
557 3663 597 3728 iis
618 3661 778 3746 partibus,
801 3680 886 3745 quae
907 3659 950 3727 ad
971 3660 1150 3729 realtaliae
1171 3682 1244 3746 per·

101 3773 216 3856 tinent,
240 3772 368 3856 saepius
388 3772 516 3856 legitur,
539 3771 670 3852 XXVII,
693 3790 721 3835 c.
745 3773 776 3835 6.
798 3789 827 3836 c.
851 3774 881 3834 7.
901 3790 930 3836 ο.
954 3772 1006 3847 35,
1028 3773 1066 3852 33
1095 3769 1243 3837 Romani·

102 3903 164 3967 que
186 3880 247 3948 boe
269 3881 382 3946 nuntio
404 3881 543 3964 perculsi
570 3879 762 3946 dictatorem
794 3879 915 3946 dicunt.
970 3879 1122 3960 AccedIt,
1155 3877 1242 3963 quod

101 3989 223 4067 XXVI,
247 3995 305 4071 bl,
330 3993 349 4054 3
391 3987 519 4054 Laelius
542 3987 738 4071 Cartbagine
769 4008 854 4055 nova
884 4007 905 4052 a
925 3985 1075 4070 Scipione
1107 3985 1243 4052 Romam

63 4172 65 4175 .
104 4094 261 4176 mittitnr3
300 4096 432 4162 annales
459 4101 569 4162 antem
591 4093 771 4176 XXVH,7
803 4093 928 4176 dicunt,
961 4114 1034 4160 eum
1061 4091 1244 4159 Tarracone

103 4221 174 4268 esse
196 4203 385 4284 profectum.
439 4204 564 4286 Quibus
594 4204 782 4292 praemissis
811 4203 853 4272 ad
876 4225 916 4273 ca
936 4203 1063 4289 capito,
1084 4222 1170 4288 quae
1190 4223 1244 4272 ree

1402 804 1420 871 'i
