2842 4642
680 16 830 78 36·

106 174 325 263 peditionihus
353 177 549 262 invenimus,
580 181 765 250 cohaerent.
825 183 959 250 Accedit
987 183 1094 252 aliudz
1126 189 1159 251 et
1187 201 1239 250 res

105 286 414 374 Carthaginiensium
449 296 599 358 accurate
626 294 734 360 autori
763 293 910 378 cognitae
931 299 1023 374 sunt,
1052 293 1167 375 XXIX,
1189 297 1240 373 23,

107 401 127 464 4
172 396 387 479 praesertim
439 403 471 462 et
518 397 677 482 Scipionis
731 401 940 468 calliditatem
985 401 1069 469 bene
1118 401 1239 468 eodem·

107 525 169 588 que
215 503 347 570 consilio
392 505 542 588 exponit,
574 528 639 591 quo
683 509 717 573 in
762 509 920 576 seditione
963 515 1144 576 castrorum
1166 509 1241 574 Suc·

106 613 290 678 renensium
315 609 351 675 L.
386 611 500 694 XXIX,
538 618 597 696 24,
623 619 718 680 2-7.
763 616 931 702 Polybium
953 622 1062 683 antem
1084 637 1149 684 non
1172 635 1242 682 esse

108 719 229 786 iontem
251 740 322 784 cum
345 741 449 785 rerum
474 742 574 786 nexus
596 743 655 805 per
677 743 711 789 se
735 722 867 803 indicat,
889 729 959 789 tnm
982 744 1065 808 quae
1086 745 1113 789 c.
1137 722 1240 803 24,11

106 829 193 888 -14
214 824 257 890 de
279 823 421 908 legendis
444 824 599 892 militibus
622 846 662 892 ex
682 825 863 911 legionibus
879 826 1115 909 Cannensibus,
1130 827 1244 912 quinta

103 935 261 1011 etsexta,
284 931 325 998 de
347 931 442 998 sociis
465 931 574 997 Latini
595 934 735 1000 nominis
758 955 784 998 c.
808 939 859 1015 24,
885 936 926 1001 14
948 933 1145 1016 afferuntnr3
1166 952 1243 1017 qua·

102 1039 146 1106 lia
167 1039 254 1124 apud
275 1039 444 1125 Polybium
466 1061 530 1106 non
553 1041 660 1108 solent
681 1041 756 1127 legi.
780 1079 822 1094 —-

189 1147 309 1214 Allatis
332 1148 558 1214 nonnullorum
581 1149 746 1216 annahum
768 1150 994 1235 discrepantiis
1015 1151 1052 1216 L.
1068 1149 1244 1230 mnan,

104 1257 204 1333 1-4;
227 1255 375 1338 sequitur
396 1254 571 1339 descriptio
593 1258 753 1324 transitus
779 1259 813 1323 in
835 1258 993 1324 Africam.
1046 1259 1155 1345 obtqua
1183 1255 1245 1324 hac

103 1363 232 1448 quidem
265 1364 299 1429 in
321 1383 356 1428 re
379 1363 487 1429 Livius
509 1362 631 1430 iontem
653 1362 807 1449 usurpat,
829 1365 987 1433 diversum
1011 1365 1054 1432 ab
1066 1355 1125 1447 ico,
1145 1387 1243 1450 quem

103 1491 131 1536 4.
156 1475 285 1536 23-24
318 1471 513 1554 inspexerat.
569 1471 630 1549 oui
660 1472 717 1539 uhi
751 1472 902 1558 incipiat,
930 1473 1070 1542 fortasse
1100 1474 1245 1541 dubitari

102 1579 225 1663 possit,
248 1578 324 1662 quia
345 1599 372 1643 c.
397 1580 437 1642 25
461 1597 537 1645 sane
560 1579 676 1663 aliquis
698 1580 741 1646 ad
766 1582 906 1664 priorem
927 1581 1050 1662 iontem
1078 1583 1245 1665 pertinere

104 1685 201 1752 dicat.
246 1683 309 1750 Sed
332 1684 410 1749 mihi
432 1705 472 1750 ne
494 1706 521 1751 c.
546 1689 586 1750 25
612 1687 742 1771 quidem
763 1709 834 1754 cum
857 1709 895 1755 eo
918 1689 1045 1755 videtur
1059 1691 1245 1770 cohaerere,

109 1813 180 1858 cum
204 1799 338 1875 propter
360 1791 441 1857 alias
462 1793 616 1875 rationes,
640 1799 709 1859 tum
731 1795 808 1878 quia
830 1794 994 1861 annalium
1017 1795 1245 1879 discrepantiis

104 1899 244 1981 additis,
266 1898 375 1965 Livius
397 1899 467 1984 ipse
490 1902 584 1985 quasi
606 1922 720 1968 nouam
742 1908 869 1986 partem
895 1903 975 1969 oriri
995 1902 1128 1970 indicat.
1180 1902 1242 1969 De·

104 2007 180 2074 inde
207 2027 282 2074 vero
318 2029 347 2072 c.
377 2010 435 2088 25,
470 2013 509 2072 10
539 2007 655 2075 dicitur
684 2007 728 2074 M.
757 2009 890 2076 Porcius
918 2008 1050 2093 Cato⁸⁵)
1088 2016 1246 2095 quaestor

106 2114 266 2199 Scipionis
312 2113 428 2194 iuiss03
471 2115 505 2181 in
548 2116 589 2182 iis
633 2120 761 2197 antem,
813 2137 897 2201 quae
934 2122 1128 2201 sequuntur,
1162 2138 1245 2183 nnn·

103 2243 201 2309 quam
212 2220 294 2288 Cato
307 2221 449 2302 affertur,
465 2223 520 2289 sed
536 2223 717 2308 legimusL.
728 2223 828 2306 XXX,
854 2228 904 2306 33,
928 2225 1102 2291 2Laelinm
1124 2245 1246 2309 quaes-

100 2336 204 2398 torem
227 2328 347 2396 iactum
370 2351 440 2396 esse
463 2336 561 2415 atque
584 2338 676 2397 extra
700 2332 847 2398 ordinem
868 2332 1108 2416 quidem,qnod
1121 2334 1245 2416 optime

101 2462 173 2507 cum
186 2439 390 2520 eooonvenit,
402 2439 490 2523 quod
508 2439 708 2506 Plutarchus
733 2441 815 2507 cato
836 2462 864 2522 c,
886 2443 916 2521 3,
938 2445 958 2506 8
977 2440 1087 2522 hahet,
1105 2439 1150 2504 M.
1163 2441 1247 2507 Por-

41 2628 45 2640 ·
104 2550 187 2614 oium
211 2567 231 2612 a
253 2547 362 2613 Siciha
382 2547 517 2613 Romam
539 2545 690 2630 rediisse,
713 2569 818 2633 neque
841 2569 915 2614 cum
936 2547 1085 2632 Scipione
1096 2549 1130 2614 in
1155 2549 1244 2615 Airi-

99 2677 170 2722 cam
203 2675 273 2721 esse
285 2654 473 2737 prolectam.
511 2654 597 2720 Fons
625 2660 752 2722 contra·
769 2655 884 2740 capitis
902 2657 943 2720 25
957 2655 1189 2723 Liv.Catonem
1210 2657 1247 2723 in

101 2762 245 2829 Africam
277 2759 568 2844 transgredientem
599 2761 695 2840 lacior
728 2765 784 2842 25,
818 2764 870 2826 10.
912 2760 984 2827 Dici
1005 2768 1112 2828 antem
1135 2762 1246 2845 debet,

106 2872 239 2951 Livium,
264 2870 292 2936 si
314 2869 346 2934 in
370 2870 479 2951 sonte,
502 2889 598 2953 quem
619 2870 653 2934 in
675 2869 834 2953 Scipionis
856 2869 1058 2954 expeditione
1079 2870 1246 2937 narranda

104 2984 233 3045 secutus
256 2984 316 3060 444,
338 2977 482 3062 legisset,
506 2975 661 3043 Catonem
683 2998 723 3043 ex
745 2978 877 3059 Africa,
899 2998 964 3044 non
986 2998 1027 3044 ex
1049 2978 1160 3046 Sicilia
1179 2981 1246 3047 ira·

102 3092 171 3152 tum
204 3085 339 3152 Romam
368 3085 518 3164 rediisse,
550 3083 610 3150 hoo
640 3091 776 3168 propter
803 3084 1056 3170 magnitudinem
1085 3086 1147 3152 siri
1178 3108 1246 3155 non

102 3193 201 3260 luisse
231 3193 434 3258 omissurum.
485 3192 603 3274 Itaque
632 3191 762 3257 videtur
791 3212 868 3258 sane
897 3190 970 3258 fons
991 3193 1107 3275 capitis
1131 3197 1171 3259 25
1194 3216 1244 3279 sq.

105 3299 318 3366 aPlutarcho
345 3299 532 3379 dissentire,
569 3297 640 3365 lons
674 3319 800 3380 eorum,
836 3318 919 3384 quaa
950 3305 1147 3384 sequuntur,
1168 3321 1245 3368 con·

104 3409 234 3475 sentire.

192 3515 274 3582 Tum
289 3533 365 3580 vero
387 3535 413 3580 c.
437 3518 499 3595 25,
525 3518 563 3579 12
585 3514 731 3599 legimus,
764 3514 947 3598 Scipionem
978 3513 1173 3597 imperasse,
1206 3516 1244 3579 ut

103 3645 201 3691 naves
222 3622 377 3706 Emporia
407 3621 589 3689 tenderent.
633 3643 661 3688 c.
683 3627 734 3702 27,
760 3624 801 3686 13
824 3629 932 3689 autem
953 3622 1041 3707 apud
1061 3625 1243 3706 promonto

103 3735 188 3800 rium
209 3731 381 3797 Pulchrum
402 3730 437 3795 in
458 3735 581 3797 terram
601 3730 803 3810 escenditur;
825 3751 931 3816 neque
951 3731 1080 3798 omnino
1102 3729 1244 3812 additur,

105 3863 200 3926 quem
222 3841 256 3906 in
277 3845 425 3924 portum,
447 3859 550 3922 neque
572 3860 630 3906 cur
651 3860 717 3906 non
738 3839 894 3925 Emporia
915 3839 1134 3923 pervenerint,
1158 3836 1244 3923 qnod

179 4075 224 4156 35)
242 4073 296 4128 Gir.
320 4074 355 4129 Η.
385 4075 480 4145 Peter,
516 4075 544 4129 in
574 4077 733 4145 quastione
758 4075 794 4131 de
824 4076 881 4131 vita
903 4073 1044 4130 Plutarchi
1078 4072 1188 4127 Catonis
1217 4089 1245 4141 p.

104 4162 220 4216 89-93.
