<?xml version="1.0" encoding="UTF-8"?>
<!DOCTYPE html PUBLIC "-//W3C//DTD XHTML 1.0 Transitional//EN"
    "http://www.w3.org/TR/xhtml1/DTD/xhtml1-transitional.dtd">
<html xmlns="http://www.w3.org/1999/xhtml" xml:lang="en" lang="en">
 <head>
  <title>
</title>
<meta http-equiv="Content-Type" content="text/html;charset=utf-8" />
  <meta name='ocr-system' content='tesseract 3.04.00' />
  <meta name='ocr-capabilities' content='ocr_page ocr_carea ocr_par ocr_line ocrx_word'/>
</head>
<body>
  <div class='ocr_page' id='page_1' title='image "./liviusetpolybiu03friegoog_0036.png"; bbox 0 0 2842 4642; ppageno 0'>
   <div class='ocr_carea' id='block_1_1' title="bbox 105 155 1258 246">
    <p class='ocr_par' dir='ltr' id='par_1_1' title="bbox 105 124 1396 246">
     <span class='ocr_line' id='line_1_1' title="bbox 105 155 1258 246; baseline -0.003 -18"><span class='ocrx_word' id='word_1_1' title='bbox 105 160 253 246; x_wconf 87' lang='lat' dir='ltr'>equitatu</span> <span class='ocrx_word' id='word_1_2' title='bbox 274 177 409 226; x_wconf 85' lang='lat' dir='ltr'>romano</span> <span class='ocrx_word' id='word_1_3' title='bbox 439 155 550 224; x_wconf 89' lang='lat' dir='ltr'>clausa</span> <span class='ocrx_word' id='word_1_4' title='bbox 580 161 692 240; x_wconf 88' lang='lat' dir='ltr'>crant,</span> <span class='ocrx_word' id='word_1_5' title='bbox 721 176 749 221; x_wconf 92' lang='lat' dir='ltr'>c.</span> <span class='ocrx_word' id='word_1_6' title='bbox 779 155 1030 242; x_wconf 79' lang='lat' dir='ltr'>2,12;ithus</span> <span class='ocrx_word' id='word_1_7' title='bbox 1075 175 1147 224; x_wconf 94' lang='lat' dir='ltr'>non</span> <span class='ocrx_word' id='word_1_8' title='bbox 1170 156 1258 224; x_wconf 88' lang='lat' dir='ltr'>hene</span> 
     </span>
    </p>
   </div>
   <div class='ocr_carea' id='block_1_2' title="bbox 84 263 1265 3993">
    <p class='ocr_par' dir='ltr' id='par_1_2' title="bbox 104 263 1259 571">
     <span class='ocr_line' id='line_1_2' title="bbox 104 263 1257 355; baseline -0.003 -20"><span class='ocrx_word' id='word_1_9' title='bbox 104 267 307 355; x_wconf 76' lang='lat' dir='ltr'>perspicitur,</span> <span class='ocrx_word' id='word_1_10' title='bbox 330 265 491 351; x_wconf 89' lang='lat' dir='ltr'>quomodo</span> <span class='ocrx_word' id='word_1_11' title='bbox 512 263 661 332; x_wconf 82' lang='lat' dir='ltr'>Indibilis</span> <span class='ocrx_word' id='word_1_12' title='bbox 681 269 759 330; x_wconf 86' lang='lat' dir='ltr'>anto</span> <span class='ocrx_word' id='word_1_13' title='bbox 779 265 1204 352; x_wconf 83' lang='lat' dir='ltr'>primasignapsrvenerit.</span> <span class='ocrx_word' id='word_1_14' title='bbox 1216 303 1257 315; x_wconf 91' lang='lat'><em>-</em></span> 
     </span>
     <span class='ocr_line' id='line_1_3' title="bbox 104 372 1259 470; baseline -0.004 -27"><span class='ocrx_word' id='word_1_15' title='bbox 104 377 238 461; x_wconf 86' lang='lat' dir='ltr'>Itaque,</span> <span class='ocrx_word' id='word_1_16' title='bbox 260 380 336 441; x_wconf 88' lang='lat' dir='ltr'>utut</span> <span class='ocrx_word' id='word_1_17' title='bbox 356 373 396 440; x_wconf 87' lang='lat' dir='ltr'>ds</span> <span class='ocrx_word' id='word_1_18' title='bbox 418 373 470 439; x_wconf 91' lang='lat' dir='ltr'>his</span> <span class='ocrx_word' id='word_1_19' title='bbox 491 372 652 457; x_wconf 89' lang='lat' dir='ltr'>capitibus</span> <span class='ocrx_word' id='word_1_20' title='bbox 678 372 877 458; x_wconf 72' lang='lat' dir='ltr'>judicamus,</span> <span class='ocrx_word' id='word_1_21' title='bbox 897 393 938 439; x_wconf 85' lang='lat' dir='ltr'>ex</span> <span class='ocrx_word' id='word_1_22' title='bbox 960 373 1095 470; x_wconf 83' lang='lat' dir='ltr'>Polybio</span> <span class='ocrx_word' id='word_1_23' title='bbox 1126 373 1259 440; x_wconf 87' lang='lat' dir='ltr'>desum-</span> 
     </span>
     <span class='ocr_line' id='line_1_4' title="bbox 106 491 442 571; baseline -0.021 -19"><span class='ocrx_word' id='word_1_24' title='bbox 106 491 166 571; x_wconf 90' lang='lat' dir='ltr'>pta</span> <span class='ocrx_word' id='word_1_25' title='bbox 187 503 258 551; x_wconf 87' lang='lat' dir='ltr'>esse</span> <span class='ocrx_word' id='word_1_26' title='bbox 279 501 442 566; x_wconf 88' lang='lat' dir='ltr'>negamus.</span> 
     </span>
    </p>

    <p class='ocr_par' dir='ltr' id='par_1_3' title="bbox 84 585 1265 3993">
     <span class='ocr_line' id='line_1_5' title="bbox 196 585 1259 671; baseline -0.007 -14"><span class='ocrx_word' id='word_1_27' title='bbox 196 590 362 657; x_wconf 86' lang='lat' dir='ltr'>Seditione</span> <span class='ocrx_word' id='word_1_28' title='bbox 383 587 600 671; x_wconf 82' lang='lat' dir='ltr'><strong>Hispanorum</strong></span> <span class='ocrx_word' id='word_1_29' title='bbox 620 589 764 652; x_wconf 81' lang='lat' dir='ltr'>&#39;namata</span> <span class='ocrx_word' id='word_1_30' title='bbox 785 586 998 652; x_wconf 87' lang='lat' dir='ltr'>transiturad</span> <span class='ocrx_word' id='word_1_31' title='bbox 1010 585 1259 671; x_wconf 74' lang='lat' dir='ltr'>expeditionem</span> 
     </span>
     <span class='ocr_line' id='line_1_6' title="bbox 110 692 1261 778; baseline -0.006 -14"><span class='ocrx_word' id='word_1_32' title='bbox 110 699 213 764; x_wconf 86' lang='lat' dir='ltr'>Laelii</span> <span class='ocrx_word' id='word_1_33' title='bbox 226 697 263 762; x_wconf 83' lang='lat' dir='ltr'>L.</span> <span class='ocrx_word' id='word_1_34' title='bbox 275 695 380 762; x_wconf 87' lang='lat' dir='ltr'>XXIX</span> <span class='ocrx_word' id='word_1_35' title='bbox 402 699 472 778; x_wconf 72' lang='lat' dir='ltr'>cd,</span> <span class='ocrx_word' id='word_1_36' title='bbox 488 699 581 776; x_wconf 82' lang='lat' dir='ltr'>6-e,</span> <span class='ocrx_word' id='word_1_37' title='bbox 604 697 636 760; x_wconf 92' lang='grc'>4.</span> <span class='ocrx_word' id='word_1_38' title='bbox 657 693 745 760; x_wconf 82' lang='lat' dir='ltr'>Fons</span> <span class='ocrx_word' id='word_1_39' title='bbox 756 697 882 775; x_wconf 74' lang='grc'>666666,</span> <span class='ocrx_word' id='word_1_40' title='bbox 900 714 997 778; x_wconf 87' lang='lat' dir='ltr'>quom</span> <span class='ocrx_word' id='word_1_41' title='bbox 1018 695 1080 760; x_wconf 94' lang='lat' dir='ltr'>hoc</span> <span class='ocrx_word' id='word_1_42' title='bbox 1100 694 1180 760; x_wconf 86' lang='lat' dir='ltr'>loco</span> <span class='ocrx_word' id='word_1_43' title='bbox 1200 692 1261 758; x_wconf 82' lang='lat' dir='ltr'>Li·</span> 
     </span>
     <span class='ocr_line' id='line_1_7' title="bbox 105 799 1261 889; baseline -0.007 -16"><span class='ocrx_word' id='word_1_44' title='bbox 105 807 177 874; x_wconf 78' lang='lat' dir='ltr'>nius</span> <span class='ocrx_word' id='word_1_45' title='bbox 192 811 338 889; x_wconf 86' lang='lat' dir='ltr'>usurpat,</span> <span class='ocrx_word' id='word_1_46' title='bbox 362 825 435 871; x_wconf 90' lang='lat' dir='ltr'>cum</span> <span class='ocrx_word' id='word_1_47' title='bbox 457 823 505 880; x_wconf 88' lang='lat' dir='ltr'>eo,</span> <span class='ocrx_word' id='word_1_48' title='bbox 526 823 621 886; x_wconf 88' lang='lat' dir='ltr'>quem</span> <span class='ocrx_word' id='word_1_49' title='bbox 644 803 776 867; x_wconf 72' lang='lat' dir='ltr'>anteiri</span> <span class='ocrx_word' id='word_1_50' title='bbox 797 801 889 868; x_wconf 86' lang='lat' dir='ltr'>libris</span> <span class='ocrx_word' id='word_1_51' title='bbox 913 806 1043 866; x_wconf 76' lang='lat'><strong>26—28</strong></span> <span class='ocrx_word' id='word_1_52' title='bbox 1064 799 1261 868; x_wconf 79' lang='lat' dir='ltr'>invenieba-</span> 
     </span>
     <span class='ocr_line' id='line_1_8' title="bbox 108 910 1258 994; baseline -0.005 -14"><span class='ocrx_word' id='word_1_53' title='bbox 108 935 200 994; x_wconf 91' lang='lat' dir='ltr'>mus,</span> <span class='ocrx_word' id='word_1_54' title='bbox 229 912 357 979; x_wconf 80' lang='lat' dir='ltr'>videtur</span> <span class='ocrx_word' id='word_1_55' title='bbox 380 911 562 979; x_wconf 85' lang='lat' dir='ltr'>cohaerere.</span> <span class='ocrx_word' id='word_1_56' title='bbox 607 910 752 976; x_wconf 88' lang='lat' dir='ltr'>Primum</span> <span class='ocrx_word' id='word_1_57' title='bbox 774 911 858 976; x_wconf 89' lang='lat' dir='ltr'>enim</span> <span class='ocrx_word' id='word_1_58' title='bbox 881 930 908 976; x_wconf 92' lang='lat' dir='ltr'>c.</span> <span class='ocrx_word' id='word_1_59' title='bbox 933 914 963 990; x_wconf 84' lang='lat'>3,</span> <span class='ocrx_word' id='word_1_60' title='bbox 990 914 1116 975; x_wconf 85' lang='lat'>14-15</span> <span class='ocrx_word' id='word_1_61' title='bbox 1149 911 1258 993; x_wconf 72' lang='lat' dir='ltr'>respi-</span> 
     </span>
     <span class='ocr_line' id='line_1_9' title="bbox 107 1015 1261 1104; baseline -0.003 -18"><span class='ocrx_word' id='word_1_62' title='bbox 107 1021 193 1087; x_wconf 87' lang='lat' dir='ltr'>citur</span> <span class='ocrx_word' id='word_1_63' title='bbox 200 1019 243 1086; x_wconf 89' lang='lat' dir='ltr'>ad</span> <span class='ocrx_word' id='word_1_64' title='bbox 250 1018 442 1104; x_wconf 89' lang='lat' dir='ltr'>colloquium</span> <span class='ocrx_word' id='word_1_65' title='bbox 453 1017 612 1101; x_wconf 80' lang='lat' dir='ltr'>Scipionis</span> <span class='ocrx_word' id='word_1_66' title='bbox 627 1037 697 1083; x_wconf 91' lang='lat' dir='ltr'>cum</span> <span class='ocrx_word' id='word_1_67' title='bbox 708 1015 876 1102; x_wconf 81' lang='lat' dir='ltr'>Syphace,</span> <span class='ocrx_word' id='word_1_68' title='bbox 900 1016 935 1082; x_wconf 83' lang='lat' dir='ltr'>L.</span> <span class='ocrx_word' id='word_1_69' title='bbox 949 1016 1094 1096; x_wconf 80' lang='lat' dir='ltr'>XXVIII,</span> <span class='ocrx_word' id='word_1_70' title='bbox 1111 1021 1261 1097; x_wconf 87' lang='grc'>17-18,</span> 
     </span>
     <span class='ocr_line' id='line_1_10' title="bbox 107 1122 1262 1213; baseline -0.002 -21"><span class='ocrx_word' id='word_1_71' title='bbox 107 1132 179 1193; x_wconf 91' lang='lat' dir='ltr'>tum</span> <span class='ocrx_word' id='word_1_72' title='bbox 190 1127 232 1193; x_wconf 90' lang='lat' dir='ltr'>ad</span> <span class='ocrx_word' id='word_1_73' title='bbox 244 1126 386 1213; x_wconf 87' lang='lat' dir='ltr'>ejusdem</span> <span class='ocrx_word' id='word_1_74' title='bbox 398 1125 590 1209; x_wconf 87' lang='lat' dir='ltr'>colloquium</span> <span class='ocrx_word' id='word_1_75' title='bbox 601 1145 674 1192; x_wconf 90' lang='lat' dir='ltr'>cum</span> <span class='ocrx_word' id='word_1_76' title='bbox 684 1123 874 1189; x_wconf 77' lang='lat' dir='ltr'>Massinissa</span> <span class='ocrx_word' id='word_1_77' title='bbox 895 1122 1042 1190; x_wconf 88' lang='lat' dir='ltr'>habitum</span> <span class='ocrx_word' id='word_1_78' title='bbox 1054 1125 1090 1190; x_wconf 90' lang='lat' dir='ltr'>L.</span> <span class='ocrx_word' id='word_1_79' title='bbox 1101 1123 1262 1204; x_wconf 91' lang='lat' dir='ltr'>XXVIII,</span> 
     </span>
     <span class='ocr_line' id='line_1_11' title="bbox 112 1229 1262 1318; baseline -0.002 -18"><span class='ocrx_word' id='word_1_80' title='bbox 112 1239 165 1316; x_wconf 77' lang='lat'>35,</span> <span class='ocrx_word' id='word_1_81' title='bbox 188 1241 258 1300; x_wconf 90' lang='lat' dir='ltr'>tum</span> <span class='ocrx_word' id='word_1_82' title='bbox 280 1233 321 1300; x_wconf 89' lang='lat' dir='ltr'>ad</span> <span class='ocrx_word' id='word_1_83' title='bbox 345 1233 522 1318; x_wconf 76' lang='lat' dir='ltr'>Magonem,</span> <span class='ocrx_word' id='word_1_84' title='bbox 546 1232 601 1317; x_wconf 86' lang='lat' dir='ltr'>qui</span> <span class='ocrx_word' id='word_1_85' title='bbox 613 1231 651 1300; x_wconf 86' lang='lat' dir='ltr'>L.</span> <span class='ocrx_word' id='word_1_86' title='bbox 673 1229 826 1312; x_wconf 87' lang='lat' dir='ltr'>XXVIII,</span> <span class='ocrx_word' id='word_1_87' title='bbox 853 1235 892 1295; x_wconf 85' lang='grc'>66</span> <span class='ocrx_word' id='word_1_88' title='bbox 912 1235 1021 1317; x_wconf 88' lang='lat' dir='ltr'>jussus</span> <span class='ocrx_word' id='word_1_89' title='bbox 1054 1253 1149 1314; x_wconf 90' lang='lat' dir='ltr'>esse,</span> <span class='ocrx_word' id='word_1_90' title='bbox 1186 1251 1262 1298; x_wconf 88' lang='lat' dir='ltr'>cum</span> 
     </span>
     <span class='ocr_line' id='line_1_12' title="bbox 109 1338 1258 1427; baseline -0.003 -19"><span class='ocrx_word' id='word_1_91' title='bbox 109 1340 290 1408; x_wconf 80' lang='lat' dir='ltr'>Hannibale</span> <span class='ocrx_word' id='word_1_92' title='bbox 312 1361 347 1407; x_wconf 86' lang='lat' dir='ltr'>se</span> <span class='ocrx_word' id='word_1_93' title='bbox 368 1345 568 1427; x_wconf 87' lang='lat' dir='ltr'>conjungere,</span> <span class='ocrx_word' id='word_1_94' title='bbox 584 1345 677 1407; x_wconf 86' lang='lat' dir='ltr'>recte</span> <span class='ocrx_word' id='word_1_95' title='bbox 699 1339 826 1404; x_wconf 85' lang='lat' dir='ltr'>dicitnr.</span> <span class='ocrx_word' id='word_1_96' title='bbox 872 1338 998 1404; x_wconf 83' lang='lat' dir='ltr'>Deinde</span> <span class='ocrx_word' id='word_1_97' title='bbox 1019 1339 1055 1404; x_wconf 84' lang='lat' dir='ltr'>L.</span> <span class='ocrx_word' id='word_1_98' title='bbox 1078 1340 1201 1422; x_wconf 90' lang='lat' dir='ltr'>XXIX,</span> <span class='ocrx_word' id='word_1_99' title='bbox 1225 1345 1258 1420; x_wconf 84' lang='lat'>4,</span> 
     </span>
     <span class='ocr_line' id='line_1_13' title="bbox 110 1446 1262 1534; baseline -0.003 -18"><span class='ocrx_word' id='word_1_100' title='bbox 110 1453 132 1516; x_wconf 91' lang='grc'>4</span> <span class='ocrx_word' id='word_1_101' title='bbox 165 1449 264 1516; x_wconf 86' lang='lat' dir='ltr'>Poeni</span> <span class='ocrx_word' id='word_1_102' title='bbox 285 1449 384 1533; x_wconf 87' lang='lat' dir='ltr'>legati</span> <span class='ocrx_word' id='word_1_103' title='bbox 413 1448 455 1515; x_wconf 92' lang='lat' dir='ltr'>ad</span> <span class='ocrx_word' id='word_1_104' title='bbox 483 1447 660 1534; x_wconf 82' lang='lat' dir='ltr'>Syphacem</span> <span class='ocrx_word' id='word_1_105' title='bbox 692 1447 840 1528; x_wconf 89' lang='lat' dir='ltr'>mittunt,</span> <span class='ocrx_word' id='word_1_106' title='bbox 872 1446 1053 1513; x_wconf 84' lang='lat' dir='ltr'>firmandae</span> <span class='ocrx_word' id='word_1_107' title='bbox 1087 1449 1262 1516; x_wconf 85' lang='lat' dir='ltr'>societatis</span> 
     </span>
     <span class='ocr_line' id='line_1_14' title="bbox 110 1551 1263 1641; baseline -0.003 -18"><span class='ocrx_word' id='word_1_108' title='bbox 110 1577 228 1637; x_wconf 89' lang='lat' dir='ltr'>causa,</span> <span class='ocrx_word' id='word_1_109' title='bbox 260 1555 346 1621; x_wconf 88' lang='lat' dir='ltr'>unde</span> <span class='ocrx_word' id='word_1_110' title='bbox 368 1575 432 1622; x_wconf 92' lang='lat' dir='ltr'>non</span> <span class='ocrx_word' id='word_1_111' title='bbox 452 1556 611 1639; x_wconf 87' lang='lat' dir='ltr'>sequitur,</span> <span class='ocrx_word' id='word_1_112' title='bbox 643 1553 701 1637; x_wconf 83' lang='lat' dir='ltr'>(de</span> <span class='ocrx_word' id='word_1_113' title='bbox 722 1574 787 1637; x_wconf 90' lang='lat' dir='ltr'>quc</span> <span class='ocrx_word' id='word_1_114' title='bbox 808 1551 1087 1621; x_wconf 86' lang='lat' dir='ltr'>Weissenbornius</span> <span class='ocrx_word' id='word_1_115' title='bbox 1108 1554 1263 1641; x_wconf 88' lang='lat' dir='ltr'>dubitat)</span> 
     </span>
     <span class='ocr_line' id='line_1_15' title="bbox 112 1659 1261 1750; baseline -0.001 -20"><span class='ocrx_word' id='word_1_116' title='bbox 112 1685 184 1730; x_wconf 91' lang='lat' dir='ltr'>eum</span> <span class='ocrx_word' id='word_1_117' title='bbox 204 1668 272 1750; x_wconf 87' lang='lat' dir='ltr'>jam</span> <span class='ocrx_word' id='word_1_118' title='bbox 294 1684 315 1728; x_wconf 88' lang='lat' dir='ltr'>a</span> <span class='ocrx_word' id='word_1_119' title='bbox 334 1663 485 1730; x_wconf 90' lang='lat' dir='ltr'>Romanis</span> <span class='ocrx_word' id='word_1_120' title='bbox 512 1661 682 1743; x_wconf 86' lang='lat' dir='ltr'>defecisse,</span> <span class='ocrx_word' id='word_1_121' title='bbox 715 1659 772 1726; x_wconf 87' lang='lat' dir='ltr'>sed</span> <span class='ocrx_word' id='word_1_122' title='bbox 803 1681 875 1726; x_wconf 91' lang='lat' dir='ltr'>eum</span> <span class='ocrx_word' id='word_1_123' title='bbox 906 1661 1041 1727; x_wconf 87' lang='lat' dir='ltr'>dubium</span> <span class='ocrx_word' id='word_1_124' title='bbox 1073 1663 1261 1748; x_wconf 83' lang='lat' dir='ltr'>reliquisse,</span> 
     </span>
     <span class='ocr_line' id='line_1_16' title="bbox 110 1769 1261 1855; baseline -0.002 -17"><span class='ocrx_word' id='word_1_125' title='bbox 110 1773 177 1839; x_wconf 86' lang='lat' dir='ltr'>utri</span> <span class='ocrx_word' id='word_1_126' title='bbox 187 1771 274 1855; x_wconf 84' lang='lat' dir='ltr'>parti</span> <span class='ocrx_word' id='word_1_127' title='bbox 286 1791 320 1836; x_wconf 86' lang='lat' dir='ltr'>ss</span> <span class='ocrx_word' id='word_1_128' title='bbox 332 1770 529 1854; x_wconf 89' lang='lat' dir='ltr'>adjungeret,</span> <span class='ocrx_word' id='word_1_129' title='bbox 545 1770 633 1853; x_wconf 90' lang='lat' dir='ltr'>quod</span> <span class='ocrx_word' id='word_1_130' title='bbox 655 1791 729 1836; x_wconf 90' lang='lat' dir='ltr'>eum</span> <span class='ocrx_word' id='word_1_131' title='bbox 747 1774 816 1855; x_wconf 86' lang='lat' dir='ltr'>jam</span> <span class='ocrx_word' id='word_1_132' title='bbox 838 1769 874 1834; x_wconf 85' lang='lat' dir='ltr'>L.</span> <span class='ocrx_word' id='word_1_133' title='bbox 897 1769 1043 1851; x_wconf 82' lang='lat' dir='ltr'>XXVIII,</span> <span class='ocrx_word' id='word_1_134' title='bbox 1071 1773 1109 1836; x_wconf 84' lang='lat'>17</span> <span class='ocrx_word' id='word_1_135' title='bbox 1129 1772 1261 1853; x_wconf 88' lang='lat' dir='ltr'>fecisse,</span> 
     </span>
     <span class='ocr_line' id='line_1_17' title="bbox 111 1878 1263 1964; baseline -0.002 -18"><span class='ocrx_word' id='word_1_136' title='bbox 111 1887 210 1964; x_wconf 87' lang='lat' dir='ltr'>atque</span> <span class='ocrx_word' id='word_1_137' title='bbox 225 1879 262 1944; x_wconf 89' lang='lat' dir='ltr'>L.</span> <span class='ocrx_word' id='word_1_138' title='bbox 284 1878 399 1958; x_wconf 88' lang='lat' dir='ltr'>XXIX,</span> <span class='ocrx_word' id='word_1_139' title='bbox 423 1883 464 1944; x_wconf 81' lang='lat'>23</span> <span class='ocrx_word' id='word_1_140' title='bbox 487 1879 604 1944; x_wconf 89' lang='lat' dir='ltr'>iterum</span> <span class='ocrx_word' id='word_1_141' title='bbox 625 1879 795 1944; x_wconf 74' lang='lat' dir='ltr'>facientem</span> <span class='ocrx_word' id='word_1_142' title='bbox 817 1878 1005 1944; x_wconf 87' lang='lat' dir='ltr'>invenimus.</span> <span class='ocrx_word' id='word_1_143' title='bbox 1048 1879 1098 1944; x_wconf 83' lang='lat' dir='ltr'>Ad</span> <span class='ocrx_word' id='word_1_144' title='bbox 1120 1879 1263 1946; x_wconf 86' lang='lat' dir='ltr'>eandem</span> 
     </span>
     <span class='ocr_line' id='line_1_18' title="bbox 112 1981 1262 2066; baseline 0 -17"><span class='ocrx_word' id='word_1_145' title='bbox 112 2005 182 2050; x_wconf 90' lang='lat' dir='ltr'>rem</span> <span class='ocrx_word' id='word_1_146' title='bbox 205 1989 354 2066; x_wconf 87' lang='lat' dir='ltr'>spectant</span> <span class='ocrx_word' id='word_1_147' title='bbox 374 1982 473 2048; x_wconf 82' lang='lat' dir='ltr'>verba</span> <span class='ocrx_word' id='word_1_148' title='bbox 495 1981 721 2063; x_wconf 88' lang='lat' dir='ltr'>Massinissae,</span> <span class='ocrx_word' id='word_1_149' title='bbox 750 2003 777 2048; x_wconf 90' lang='lat' dir='ltr'>c.</span> <span class='ocrx_word' id='word_1_150' title='bbox 802 1987 838 2063; x_wconf 83' lang='lat'>4,</span> <span class='ocrx_word' id='word_1_151' title='bbox 869 1985 899 2046; x_wconf 90' lang='grc'>8.</span> <span class='ocrx_word' id='word_1_152' title='bbox 921 2019 967 2032; x_wconf 94' lang='lat'>—-</span> <span class='ocrx_word' id='word_1_153' title='bbox 987 1981 1262 2066; x_wconf 84' lang='lat' dir='ltr'>Fonspraeterea</span> 
     </span>
     <span class='ocr_line' id='line_1_19' title="bbox 113 2087 1264 2177; baseline -0.002 -19"><span class='ocrx_word' id='word_1_154' title='bbox 113 2091 215 2177; x_wconf 89' lang='lat' dir='ltr'>probe</span> <span class='ocrx_word' id='word_1_155' title='bbox 237 2091 308 2172; x_wconf 89' lang='lat' dir='ltr'>scit,</span> <span class='ocrx_word' id='word_1_156' title='bbox 330 2087 508 2177; x_wconf 78' lang='lat' dir='ltr'>Syphacem</span> <span class='ocrx_word' id='word_1_157' title='bbox 531 2090 650 2156; x_wconf 87' lang='lat' dir='ltr'>bellum</span> <span class='ocrx_word' id='word_1_158' title='bbox 667 2109 779 2175; x_wconf 88' lang='lat' dir='ltr'>gerere</span> <span class='ocrx_word' id='word_1_159' title='bbox 801 2091 837 2156; x_wconf 91' lang='lat' dir='ltr'>iu</span> <span class='ocrx_word' id='word_1_160' title='bbox 857 2090 975 2157; x_wconf 90' lang='lat' dir='ltr'>finibus</span> <span class='ocrx_word' id='word_1_161' title='bbox 996 2093 1096 2174; x_wconf 87' lang='lat' dir='ltr'>regni,</span> <span class='ocrx_word' id='word_1_162' title='bbox 1118 2113 1145 2156; x_wconf 87' lang='lat' dir='ltr'>c.</span> <span class='ocrx_word' id='word_1_163' title='bbox 1170 2097 1205 2173; x_wconf 85' lang='lat'>4,</span> <span class='ocrx_word' id='word_1_164' title='bbox 1227 2096 1264 2173; x_wconf 79' lang='lat'>83</span> 
     </span>
     <span class='ocr_line' id='line_1_20' title="bbox 113 2199 1263 2283; baseline 0 -17"><span class='ocrx_word' id='word_1_165' title='bbox 113 2200 332 2266; x_wconf 90' lang='lat' dir='ltr'>Massinissam</span> <span class='ocrx_word' id='word_1_166' title='bbox 355 2219 454 2283; x_wconf 87' lang='lat' dir='ltr'>regno</span> <span class='ocrx_word' id='word_1_167' title='bbox 477 2219 547 2264; x_wconf 87' lang='lat' dir='ltr'>esse</span> <span class='ocrx_word' id='word_1_168' title='bbox 561 2199 708 2282; x_wconf 84' lang='lat' dir='ltr'>pulsnm3</span> <span class='ocrx_word' id='word_1_169' title='bbox 730 2220 758 2264; x_wconf 89' lang='lat' dir='ltr'>c.</span> <span class='ocrx_word' id='word_1_170' title='bbox 773 2204 803 2280; x_wconf 82' lang='lat'>4,</span> <span class='ocrx_word' id='word_1_171' title='bbox 829 2204 865 2281; x_wconf 81' lang='lat'>93</span> <span class='ocrx_word' id='word_1_172' title='bbox 887 2205 921 2266; x_wconf 88' lang='lat' dir='ltr'>et</span> <span class='ocrx_word' id='word_1_173' title='bbox 942 2205 1090 2265; x_wconf 88' lang='lat' dir='ltr'>senatum</span> <span class='ocrx_word' id='word_1_174' title='bbox 1101 2199 1263 2266; x_wconf 90' lang='lat' dir='ltr'>Punicum</span> 
     </span>
     <span class='ocr_line' id='line_1_21' title="bbox 114 2305 1262 2393; baseline -0.001 -20"><span class='ocrx_word' id='word_1_175' title='bbox 114 2310 317 2393; x_wconf 88' lang='lat' dir='ltr'>conjunctum</span> <span class='ocrx_word' id='word_1_176' title='bbox 329 2325 493 2372; x_wconf 39' lang='lat' dir='ltr'>essevcum</span> <span class='ocrx_word' id='word_1_177' title='bbox 505 2305 651 2390; x_wconf 92' lang='lat' dir='ltr'>Philippo</span> <span class='ocrx_word' id='word_1_178' title='bbox 673 2310 744 2387; x_wconf 78' lang='grc'>64,</span> <span class='ocrx_word' id='word_1_179' title='bbox 767 2311 798 2370; x_wconf 90' lang='grc'>4.</span> <span class='ocrx_word' id='word_1_180' title='bbox 841 2305 903 2372; x_wconf 88' lang='lat' dir='ltr'>Est</span> <span class='ocrx_word' id='word_1_181' title='bbox 923 2306 1024 2390; x_wconf 81' lang='lat' dir='ltr'>Igitur</span> <span class='ocrx_word' id='word_1_182' title='bbox 1039 2308 1120 2372; x_wconf 88' lang='lat' dir='ltr'>satis</span> <span class='ocrx_word' id='word_1_183' title='bbox 1141 2306 1262 2387; x_wconf 84' lang='lat' dir='ltr'>bonus,</span> 
     </span>
     <span class='ocr_line' id='line_1_22' title="bbox 116 2413 1263 2502; baseline 0 -20"><span class='ocrx_word' id='word_1_184' title='bbox 116 2437 212 2502; x_wconf 89' lang='lat' dir='ltr'>quem</span> <span class='ocrx_word' id='word_1_185' title='bbox 235 2434 299 2480; x_wconf 93' lang='lat' dir='ltr'>non</span> <span class='ocrx_word' id='word_1_186' title='bbox 321 2413 418 2480; x_wconf 90' lang='lat' dir='ltr'>modo</span> <span class='ocrx_word' id='word_1_187' title='bbox 439 2435 511 2479; x_wconf 91' lang='lat' dir='ltr'>cum</span> <span class='ocrx_word' id='word_1_188' title='bbox 533 2415 573 2480; x_wconf 91' lang='lat' dir='ltr'>iis</span> <span class='ocrx_word' id='word_1_189' title='bbox 594 2433 678 2498; x_wconf 90' lang='lat' dir='ltr'>quae</span> <span class='ocrx_word' id='word_1_190' title='bbox 700 2422 897 2499; x_wconf 88' lang='lat' dir='ltr'>sequuntur,</span> <span class='ocrx_word' id='word_1_191' title='bbox 921 2414 978 2480; x_wconf 87' lang='lat' dir='ltr'>sed</span> <span class='ocrx_word' id='word_1_192' title='bbox 1002 2415 1099 2480; x_wconf 88' lang='lat' dir='ltr'>etiam</span> <span class='ocrx_word' id='word_1_193' title='bbox 1122 2436 1195 2481; x_wconf 90' lang='lat' dir='ltr'>cum</span> <span class='ocrx_word' id='word_1_194' title='bbox 1219 2416 1263 2482; x_wconf 90' lang='lat' dir='ltr'>iis</span> 
     </span>
     <span class='ocr_line' id='line_1_23' title="bbox 116 2519 1262 2602; baseline 0.002 -18"><span class='ocrx_word' id='word_1_195' title='bbox 116 2539 201 2602; x_wconf 89' lang='lat' dir='ltr'>quas</span> <span class='ocrx_word' id='word_1_196' title='bbox 234 2523 331 2583; x_wconf 88' lang='lat' dir='ltr'>antea</span> <span class='ocrx_word' id='word_1_197' title='bbox 360 2523 493 2582; x_wconf 89' lang='lat' dir='ltr'>narrata</span> <span class='ocrx_word' id='word_1_198' title='bbox 516 2523 618 2597; x_wconf 85' lang='lat' dir='ltr'>erant,</span> <span class='ocrx_word' id='word_1_199' title='bbox 641 2522 845 2602; x_wconf 89' lang='lat' dir='ltr'>conjunctum</span> <span class='ocrx_word' id='word_1_200' title='bbox 861 2523 1023 2601; x_wconf 86' lang='lat' dir='ltr'>putamus.</span> <span class='ocrx_word' id='word_1_201' title='bbox 1056 2519 1109 2584; x_wconf 80' lang='lat' dir='ltr'>Ad</span> <span class='ocrx_word' id='word_1_202' title='bbox 1122 2521 1262 2586; x_wconf 86' lang='lat' dir='ltr'>eundem</span> 
     </span>
     <span class='ocr_line' id='line_1_24' title="bbox 115 2621 1265 2704; baseline 0.003 -15"><span class='ocrx_word' id='word_1_203' title='bbox 115 2641 192 2690; x_wconf 86' lang='lat' dir='ltr'>vero</span> <span class='ocrx_word' id='word_1_204' title='bbox 212 2621 335 2688; x_wconf 87' lang='lat' dir='ltr'>sontem</span> <span class='ocrx_word' id='word_1_205' title='bbox 380 2621 522 2704; x_wconf 77' lang='lat' dir='ltr'>pertinet</span> <span class='ocrx_word' id='word_1_206' title='bbox 543 2641 570 2688; x_wconf 88' lang='lat' dir='ltr'>c.</span> <span class='ocrx_word' id='word_1_207' title='bbox 595 2625 624 2685; x_wconf 85' lang='grc'>6.</span> <span class='ocrx_word' id='word_1_208' title='bbox 668 2621 750 2686; x_wconf 86' lang='lat' dir='ltr'>Nam</span> <span class='ocrx_word' id='word_1_209' title='bbox 772 2621 880 2686; x_wconf 76' lang='lat' dir='ltr'>Livius</span> <span class='ocrx_word' id='word_1_210' title='bbox 901 2641 966 2686; x_wconf 91' lang='lat' dir='ltr'>uno</span> <span class='ocrx_word' id='word_1_211' title='bbox 987 2627 1100 2688; x_wconf 85' lang='lat' dir='ltr'>tenore</span> <span class='ocrx_word' id='word_1_212' title='bbox 1131 2622 1165 2689; x_wconf 93' lang='lat' dir='ltr'>in</span> <span class='ocrx_word' id='word_1_213' title='bbox 1188 2647 1265 2692; x_wconf 90' lang='lat' dir='ltr'>nar·</span> 
     </span>
     <span class='ocr_line' id='line_1_25' title="bbox 118 2726 1264 2817; baseline 0.003 -22"><span class='ocrx_word' id='word_1_214' title='bbox 118 2728 220 2796; x_wconf 90' lang='lat' dir='ltr'>rando</span> <span class='ocrx_word' id='word_1_215' title='bbox 263 2728 386 2812; x_wconf 85' lang='lat' dir='ltr'>pergit,</span> <span class='ocrx_word' id='word_1_216' title='bbox 422 2727 619 2811; x_wconf 87' lang='lat' dir='ltr'>respicitque</span> <span class='ocrx_word' id='word_1_217' title='bbox 641 2726 683 2793; x_wconf 93' lang='lat' dir='ltr'>ad</span> <span class='ocrx_word' id='word_1_218' title='bbox 704 2746 802 2793; x_wconf 87' lang='lat' dir='ltr'>naves</span> <span class='ocrx_word' id='word_1_219' title='bbox 822 2727 937 2809; x_wconf 87' lang='lat' dir='ltr'>XXIX,</span> <span class='ocrx_word' id='word_1_220' title='bbox 963 2732 992 2809; x_wconf 88' lang='lat'>3,</span> <span class='ocrx_word' id='word_1_221' title='bbox 1016 2735 1035 2792; x_wconf 85' lang='lat'><strong>6</strong></span> <span class='ocrx_word' id='word_1_222' title='bbox 1064 2728 1264 2817; x_wconf 79' lang='lat' dir='ltr'>Carthagine</span> 
     </span>
     <span class='ocr_line' id='line_1_26' title="bbox 119 2834 1262 2922; baseline 0.002 -18"><span class='ocrx_word' id='word_1_223' title='bbox 119 2837 162 2908; x_wconf 87' lang='lat' dir='ltr'>ad</span> <span class='ocrx_word' id='word_1_224' title='bbox 184 2836 352 2921; x_wconf 77' lang='lat' dir='ltr'>Magonem</span> <span class='ocrx_word' id='word_1_225' title='bbox 374 2836 498 2902; x_wconf 81' lang='lat' dir='ltr'>missas.</span> <span class='ocrx_word' id='word_1_226' title='bbox 544 2834 663 2902; x_wconf 79' lang='lat' dir='ltr'>Classis</span> <span class='ocrx_word' id='word_1_227' title='bbox 685 2835 785 2919; x_wconf 89' lang='lat' dir='ltr'>igitur</span> <span class='ocrx_word' id='word_1_228' title='bbox 805 2834 983 2921; x_wconf 88' lang='lat' dir='ltr'>appellitur</span> <span class='ocrx_word' id='word_1_229' title='bbox 994 2836 1037 2901; x_wconf 91' lang='lat' dir='ltr'>ad</span> <span class='ocrx_word' id='word_1_230' title='bbox 1049 2857 1121 2902; x_wconf 87' lang='lat' dir='ltr'>eum</span> <span class='ocrx_word' id='word_1_231' title='bbox 1143 2839 1262 2922; x_wconf 87' lang='lat' dir='ltr'>iocum,</span> 
     </span>
     <span class='ocr_line' id='line_1_27' title="bbox 119 2941 1263 3028; baseline 0.004 -18"><span class='ocrx_word' id='word_1_232' title='bbox 119 2943 176 3010; x_wconf 91' lang='lat' dir='ltr'>ubi</span> <span class='ocrx_word' id='word_1_233' title='bbox 197 2941 342 3024; x_wconf 89' lang='lat' dir='ltr'>XXVIII,</span> <span class='ocrx_word' id='word_1_234' title='bbox 366 2946 407 3006; x_wconf 87' lang='grc'>46</span> <span class='ocrx_word' id='word_1_235' title='bbox 450 2941 544 3027; x_wconf 90' lang='lat' dir='ltr'>Mago</span> <span class='ocrx_word' id='word_1_236' title='bbox 568 2963 640 3008; x_wconf 88' lang='lat' dir='ltr'>cum</span> <span class='ocrx_word' id='word_1_237' title='bbox 662 2943 798 3009; x_wconf 83' lang='lat' dir='ltr'>navibus</span> <span class='ocrx_word' id='word_1_238' title='bbox 820 2944 853 3008; x_wconf 92' lang='lat' dir='ltr'>in</span> <span class='ocrx_word' id='word_1_239' title='bbox 875 2943 1012 3010; x_wconf 87' lang='lat' dir='ltr'>hiberna</span> <span class='ocrx_word' id='word_1_240' title='bbox 1036 2953 1263 3028; x_wconf 77' lang='lat' dir='ltr'>concesserat3</span> 
     </span>
     <span class='ocr_line' id='line_1_28' title="bbox 119 3050 1259 3138; baseline 0.003 -20"><span class='ocrx_word' id='word_1_241' title='bbox 119 3072 185 3120; x_wconf 89' lang='lat' dir='ltr'>non</span> <span class='ocrx_word' id='word_1_242' title='bbox 206 3050 390 3118; x_wconf 87' lang='lat' dir='ltr'>nominatur</span> <span class='ocrx_word' id='word_1_243' title='bbox 410 3050 541 3134; x_wconf 88' lang='lat' dir='ltr'>quidem</span> <span class='ocrx_word' id='word_1_244' title='bbox 562 3051 642 3118; x_wconf 89' lang='lat' dir='ltr'>urbs</span> <span class='ocrx_word' id='word_1_245' title='bbox 665 3050 759 3132; x_wconf 84' lang='lat' dir='ltr'>Savo,</span> <span class='ocrx_word' id='word_1_246' title='bbox 782 3051 839 3118; x_wconf 90' lang='lat' dir='ltr'>scd</span> <span class='ocrx_word' id='word_1_247' title='bbox 861 3052 943 3118; x_wconf 88' lang='lat' dir='ltr'>situs</span> <span class='ocrx_word' id='word_1_248' title='bbox 966 3056 1035 3138; x_wconf 86' lang='lat' dir='ltr'>ejus</span> <span class='ocrx_word' id='word_1_249' title='bbox 1056 3051 1171 3136; x_wconf 90' lang='lat' dir='ltr'>XXIX,</span> <span class='ocrx_word' id='word_1_250' title='bbox 1196 3059 1259 3138; x_wconf 83' lang='lat'>5,1</span> 
     </span>
     <span class='ocr_line' id='line_1_29' title="bbox 119 3158 1263 3246; baseline 0.003 -20"><span class='ocrx_word' id='word_1_251' title='bbox 119 3165 187 3226; x_wconf 90' lang='lat' dir='ltr'>tam</span> <span class='ocrx_word' id='word_1_252' title='bbox 210 3164 361 3226; x_wconf 87' lang='lat' dir='ltr'>accurate</span> <span class='ocrx_word' id='word_1_253' title='bbox 384 3158 587 3240; x_wconf 85' lang='lat' dir='ltr'>describitur,</span> <span class='ocrx_word' id='word_1_254' title='bbox 609 3165 648 3225; x_wconf 90' lang='lat' dir='ltr'>ut</span> <span class='ocrx_word' id='word_1_255' title='bbox 669 3160 709 3225; x_wconf 89' lang='lat' dir='ltr'>de</span> <span class='ocrx_word' id='word_1_256' title='bbox 742 3161 870 3226; x_wconf 90' lang='lat' dir='ltr'>nomine</span> <span class='ocrx_word' id='word_1_257' title='bbox 898 3160 1046 3226; x_wconf 89' lang='lat' dir='ltr'>dubitare</span> <span class='ocrx_word' id='word_1_258' title='bbox 1077 3163 1129 3227; x_wconf 83' lang='lat' dir='ltr'>vix</span> <span class='ocrx_word' id='word_1_259' title='bbox 1160 3164 1263 3246; x_wconf 88' lang='lat' dir='ltr'>possi-</span> 
     </span>
     <span class='ocr_line' id='line_1_30' title="bbox 125 3264 1263 3347; baseline 0.004 -15"><span class='ocrx_word' id='word_1_260' title='bbox 125 3287 207 3332; x_wconf 87' lang='lat' dir='ltr'>mus.</span> <span class='ocrx_word' id='word_1_261' title='bbox 229 3265 396 3331; x_wconf 84' lang='lat' dir='ltr'>Accedunt</span> <span class='ocrx_word' id='word_1_262' title='bbox 410 3265 484 3331; x_wconf 90' lang='lat' dir='ltr'>alia.</span> <span class='ocrx_word' id='word_1_263' title='bbox 507 3265 543 3331; x_wconf 86' lang='lat' dir='ltr'>L.</span> <span class='ocrx_word' id='word_1_264' title='bbox 554 3264 707 3347; x_wconf 93' lang='lat' dir='ltr'>XXVIII,</span> <span class='ocrx_word' id='word_1_265' title='bbox 725 3270 777 3346; x_wconf 86' lang='grc'>46,</span> <span class='ocrx_word' id='word_1_266' title='bbox 802 3270 842 3332; x_wconf 85' lang='grc'>16</span> <span class='ocrx_word' id='word_1_267' title='bbox 858 3265 996 3333; x_wconf 88' lang='lat' dir='ltr'>Senatus</span> <span class='ocrx_word' id='word_1_268' title='bbox 1018 3265 1061 3331; x_wconf 88' lang='lat' dir='ltr'>M.</span> <span class='ocrx_word' id='word_1_269' title='bbox 1072 3267 1196 3334; x_wconf 81' lang='lat' dir='ltr'>Livium</span> <span class='ocrx_word' id='word_1_270' title='bbox 1205 3291 1263 3337; x_wconf 87' lang='lat' dir='ltr'>ex·</span> 
     </span>
     <span class='ocr_line' id='line_1_31' title="bbox 121 3371 1262 3460; baseline 0.004 -22"><span class='ocrx_word' id='word_1_271' title='bbox 121 3373 257 3439; x_wconf 87' lang='lat' dir='ltr'>ercitum</span> <span class='ocrx_word' id='word_1_272' title='bbox 279 3371 427 3439; x_wconf 86' lang='lat' dir='ltr'>volonum</span> <span class='ocrx_word' id='word_1_273' title='bbox 449 3392 488 3438; x_wconf 85' lang='lat' dir='ltr'>ex</span> <span class='ocrx_word' id='word_1_274' title='bbox 508 3371 642 3438; x_wconf 83' lang='lat' dir='ltr'>Etruria</span> <span class='ocrx_word' id='word_1_275' title='bbox 675 3372 709 3438; x_wconf 95' lang='lat' dir='ltr'>in</span> <span class='ocrx_word' id='word_1_276' title='bbox 740 3371 879 3438; x_wconf 85' lang='lat' dir='ltr'>Galliam</span> <span class='ocrx_word' id='word_1_277' title='bbox 900 3373 1072 3440; x_wconf 83' lang='lat' dir='ltr'>traducere</span> <span class='ocrx_word' id='word_1_278' title='bbox 1090 3375 1193 3460; x_wconf 87' lang='lat' dir='ltr'>jubet,</span> <span class='ocrx_word' id='word_1_279' title='bbox 1211 3382 1262 3442; x_wconf 86' lang='lat' dir='ltr'>at·</span> 
     </span>
     <span class='ocr_line' id='line_1_32' title="bbox 84 3476 1263 3565; baseline 0.003 -20"><span class='ocrx_word' id='word_1_280' title='bbox 84 3479 87 3484; x_wconf 82' lang='grc'>’</span> <span class='ocrx_word' id='word_1_281' title='bbox 122 3478 339 3563; x_wconf 85' lang='lat' dir='ltr'>qnelegiones</span> <span class='ocrx_word' id='word_1_282' title='bbox 349 3476 493 3544; x_wconf 88' lang='lat' dir='ltr'>urbanas</span> <span class='ocrx_word' id='word_1_283' title='bbox 514 3478 549 3544; x_wconf 95' lang='lat' dir='ltr'>in</span> <span class='ocrx_word' id='word_1_284' title='bbox 571 3481 640 3564; x_wconf 88' lang='lat' dir='ltr'>ejus</span> <span class='ocrx_word' id='word_1_285' title='bbox 662 3479 768 3545; x_wconf 92' lang='lat' dir='ltr'>locum</span> <span class='ocrx_word' id='word_1_286' title='bbox 790 3479 982 3561; x_wconf 81' lang='lat' dir='ltr'>succeder03</span> <span class='ocrx_word' id='word_1_287' title='bbox 1004 3479 1046 3547; x_wconf 90' lang='lat' dir='ltr'>ad</span> <span class='ocrx_word' id='word_1_288' title='bbox 1069 3502 1165 3565; x_wconf 89' lang='lat' dir='ltr'>quam</span> <span class='ocrx_word' id='word_1_289' title='bbox 1192 3504 1263 3550; x_wconf 90' lang='lat' dir='ltr'>rem</span> 
     </span>
     <span class='ocr_line' id='line_1_33' title="bbox 120 3584 1263 3672; baseline 0.003 -19"><span class='ocrx_word' id='word_1_290' title='bbox 120 3585 299 3670; x_wconf 78' lang='lat' dir='ltr'>respiciens¹</span> <span class='ocrx_word' id='word_1_291' title='bbox 320 3584 392 3650; x_wconf 86' lang='lat' dir='ltr'>fons</span> <span class='ocrx_word' id='word_1_292' title='bbox 414 3591 525 3650; x_wconf 84' lang='lat' dir='ltr'>noster</span> <span class='ocrx_word' id='word_1_293' title='bbox 537 3593 626 3652; x_wconf 82' lang='lat' dir='ltr'>recte</span> <span class='ocrx_word' id='word_1_294' title='bbox 645 3585 727 3652; x_wconf 88' lang='lat' dir='ltr'>duos</span> <span class='ocrx_word' id='word_1_295' title='bbox 750 3585 921 3668; x_wconf 87' lang='lat' dir='ltr'>exercitus,</span> <span class='ocrx_word' id='word_1_296' title='bbox 943 3587 1126 3654; x_wconf 88' lang='lat' dir='ltr'>alterumin</span> <span class='ocrx_word' id='word_1_297' title='bbox 1145 3588 1263 3672; x_wconf 81' lang='lat' dir='ltr'>Gallia,</span> 
     </span>
     <span class='ocr_line' id='line_1_34' title="bbox 123 3690 1264 3780; baseline 0.004 -22"><span class='ocrx_word' id='word_1_298' title='bbox 123 3692 264 3759; x_wconf 82' lang='lat' dir='ltr'>alterurn</span> <span class='ocrx_word' id='word_1_299' title='bbox 282 3691 316 3756; x_wconf 91' lang='lat' dir='ltr'>in</span> <span class='ocrx_word' id='word_1_300' title='bbox 338 3690 470 3756; x_wconf 89' lang='lat' dir='ltr'>Etruria</span> <span class='ocrx_word' id='word_1_301' title='bbox 493 3690 593 3758; x_wconf 82' lang='lat' dir='ltr'>inisse</span> <span class='ocrx_word' id='word_1_302' title='bbox 622 3692 708 3758; x_wconf 85' lang='lat' dir='ltr'>dicii.</span> <span class='ocrx_word' id='word_1_303' title='bbox 731 3691 767 3756; x_wconf 89' lang='lat' dir='ltr'>L.</span> <span class='ocrx_word' id='word_1_304' title='bbox 788 3691 902 3772; x_wconf 89' lang='lat' dir='ltr'>XXIX,</span> <span class='ocrx_word' id='word_1_305' title='bbox 925 3699 955 3776; x_wconf 83' lang='lat' dir='ltr'>h,</span> <span class='ocrx_word' id='word_1_306' title='bbox 979 3697 1010 3759; x_wconf 81' lang='lat'>3.</span> <span class='ocrx_word' id='word_1_307' title='bbox 1054 3693 1264 3780; x_wconf 79' lang='lat' dir='ltr'>Magistratus</span> 
     </span>
     <span class='ocr_line' id='line_1_35' title="bbox 123 3793 1263 3885; baseline -0.001 -18"><span class='ocrx_word' id='word_1_308' title='bbox 123 3801 225 3867; x_wconf 87' lang='lat' dir='ltr'>etiam</span> <span class='ocrx_word' id='word_1_309' title='bbox 238 3799 346 3878; x_wconf 92' lang='lat' dir='ltr'>iidem,</span> <span class='ocrx_word' id='word_1_310' title='bbox 358 3799 414 3882; x_wconf 88' lang='lat' dir='ltr'>qui</span> <span class='ocrx_word' id='word_1_311' title='bbox 423 3797 459 3864; x_wconf 86' lang='lat' dir='ltr'>L.</span> <span class='ocrx_word' id='word_1_312' title='bbox 468 3797 612 3881; x_wconf 91' lang='lat' dir='ltr'>XXVIII,</span> <span class='ocrx_word' id='word_1_313' title='bbox 624 3803 665 3864; x_wconf 92' lang='grc'>46</span> <span class='ocrx_word' id='word_1_314' title='bbox 687 3801 915 3867; x_wconf 87' lang='lat' dir='ltr'>nominantur:</span> <span class='ocrx_word' id='word_1_315' title='bbox 937 3793 993 3885; x_wconf 68' lang='lat' dir='ltr'>Sp}</span> <span class='ocrx_word' id='word_1_316' title='bbox 1014 3801 1198 3885; x_wconf 82' lang='lat' dir='ltr'>Lucretius3</span> <span class='ocrx_word' id='word_1_317' title='bbox 1219 3800 1263 3866; x_wconf 87' lang='lat' dir='ltr'>M</span> 
     </span>
     <span class='ocr_line' id='line_1_36' title="bbox 123 3905 1265 3993; baseline 0.003 -21"><span class='ocrx_word' id='word_1_318' title='bbox 123 3905 243 3974; x_wconf 82' lang='lat' dir='ltr'>Livius.</span> <span class='ocrx_word' id='word_1_319' title='bbox 296 3905 472 3972; x_wconf 88' lang='lat' dir='ltr'>Praeterea</span> <span class='ocrx_word' id='word_1_320' title='bbox 501 3905 649 3989; x_wconf 91' lang='lat' dir='ltr'>XXVIII,</span> <span class='ocrx_word' id='word_1_321' title='bbox 681 3908 854 3976; x_wconf 78' lang='grc'>46116166</span> <span class='ocrx_word' id='word_1_322' title='bbox 882 3911 1055 3993; x_wconf 91' lang='lat' dir='ltr'>proconsul</span> <span class='ocrx_word' id='word_1_323' title='bbox 1083 3911 1265 3976; x_wconf 86' lang='lat' dir='ltr'>Ariminum</span> 
     </span>
    </p>
   </div>
   <div class='ocr_carea' id='block_1_3' title="bbox 125 4012 1264 4188">
    <p class='ocr_par' dir='ltr' id='par_1_4' title="bbox 125 4012 1264 4188">
     <span class='ocr_line' id='line_1_37' title="bbox 125 4012 1264 4100; baseline 0.003 -20"><span class='ocrx_word' id='word_1_324' title='bbox 125 4033 162 4080; x_wconf 84' lang='lat' dir='ltr'>se</span> <span class='ocrx_word' id='word_1_325' title='bbox 184 4012 330 4080; x_wconf 81' lang='lat' dir='ltr'>conferre</span> <span class='ocrx_word' id='word_1_326' title='bbox 348 4016 457 4097; x_wconf 79' lang='lat' dir='ltr'>Jussus</span> <span class='ocrx_word' id='word_1_327' title='bbox 479 4021 568 4095; x_wconf 88' lang='lat' dir='ltr'>erat,</span> <span class='ocrx_word' id='word_1_328' title='bbox 600 4035 702 4100; x_wconf 89' lang='lat' dir='ltr'>quaro</span> <span class='ocrx_word' id='word_1_329' title='bbox 723 4015 839 4099; x_wconf 91' lang='lat' dir='ltr'>XXIX,</span> <span class='ocrx_word' id='word_1_330' title='bbox 862 4022 897 4099; x_wconf 81' lang='grc'>6,</span> <span class='ocrx_word' id='word_1_331' title='bbox 933 4021 972 4082; x_wconf 84' lang='grc'>19</span> <span class='ocrx_word' id='word_1_332' title='bbox 999 4024 1089 4087; x_wconf 83' lang='lat' dir='ltr'>recte</span> <span class='ocrx_word' id='word_1_333' title='bbox 1109 4039 1181 4083; x_wconf 90' lang='lat' dir='ltr'>cum</span> <span class='ocrx_word' id='word_1_334' title='bbox 1201 4017 1264 4083; x_wconf 73' lang='lat' dir='ltr'>hu·</span> 
     </span>
     <span class='ocr_line' id='line_1_38' title="bbox 127 4120 567 4188; baseline 0.011 -7"><span class='ocrx_word' id='word_1_335' title='bbox 127 4120 229 4184; x_wconf 83' lang='lat' dir='ltr'>cretio</span> <span class='ocrx_word' id='word_1_336' title='bbox 249 4121 399 4185; x_wconf 80' lang='lat' dir='ltr'>convenit</span> <span class='ocrx_word' id='word_1_337' title='bbox 420 4121 567 4188; x_wconf 87' lang='lat' dir='ltr'>Arimini.</span> 
     </span>
    </p>
   </div>
   <div class='ocr_carea' id='block_1_4' title="bbox 0 0 1447 4642">
    <p class='ocr_par' dir='ltr' id='par_1_5' title="bbox 0 0 1447 4642">
     <span class='ocr_line' id='line_1_39' title="bbox 0 0 1447 4642; baseline 0 0"><span class='ocrx_word' id='word_1_338' title='bbox 0 0 1447 4642; x_wconf 95' lang='lat' dir='ltr'> </span> 
     </span>
    </p>
   </div>
  </div>
 </body>
</html>
