2842 4642
692 6 734 69 44

143 175 272 242 nelibus
282 179 354 241 orta
363 179 447 242 suut.
469 175 551 242 Nam
559 175 626 240 Liv.
636 175 737 257 XXX,
761 177 812 259 17,
836 175 943 243 2fons
955 182 1065 245 noster
1076 177 1179 247 bouus
1191 180 1285 263 dixit,

143 281 308 348 decretum
331 301 418 360 esse,
448 287 486 348 ut
507 281 635 348 Laelius
656 281 778 348 Romae
799 283 1013 365 retineretur,
1043 285 1120 352 dum
1144 286 1285 353 Cartha·

143 389 334 474 giniensium
358 389 458 474 legati
479 389 640 473 venirent,
663 389 750 456 unde
771 396 925 474 apparet,
948 412 1003 458 eos
1022 396 1091 478 jam
1123 414 1194 460 esse
1228 416 1283 461 ex·

145 503 325 581 spectatos3
347 503 460 564 contra
482 497 582 580 XXX,
604 498 656 579 21,
683 499 720 563 11
744 497 855 565 Laelio
876 499 1007 565 dimisso
1029 499 1128 584 legati
1147 499 1284 568 Cartba-

143 605 334 690 giuiensium
355 627 395 671 ex
416 605 607 689 improviso,
630 610 668 670 ut
687 605 825 682 videtur,
846 605 1039 688 adveniunt3
1072 607 1201 674 Laelius
1224 629 1280 674 au·

143 716 211 778 tem
223 731 262 778 ex
274 711 390 778 itinere
404 716 588 778 revocatur.
611 710 735 777 Deinde
748 711 847 794 XXX,
857 713 919 792 22,
939 716 953 777 l
968 712 1123 797 legimus,
1158 715 1283 800 legatos

143 819 278 885 eandem
299 817 367 884 lere
388 819 577 898 orationem,
599 837 696 902 quam
718 816 806 901 apud
820 815 1002 902 Scipionem
1009 819 1176 903 habuiss03
1198 842 1281 906 quae

142 927 170 993 si
193 925 265 1011 quis
286 946 345 1009 per
367 947 402 992 se
424 925 668 1010 contemplatur,
686 926 871 992 necessario
893 926 1022 1008 credet,
1043 927 1173 994 eosdem
1195 929 1282 1013 lega·

146 1037 198 1098 tos
221 1032 403 1117 significari,
425 1032 482 1118 qui
506 1031 548 1098 ed
570 1031 751 1115 Scipionem
763 1031 918 1114 LXXX,
942 1037 1001 1114 16,
1025 1034 1147 1100 2missi
1173 1041 1281 1117 erant;

142 1138 200 1206 sed
223 1139 302 1207 alios
324 1161 395 1206 esse
417 1144 554 1224 apparet
577 1161 617 1205 ex
638 1139 748 1221 XXX,
783 1143 836 1222 22,
860 1145 894 1222 5,
928 1140 986 1207 ubi
1007 1161 1118 1208 omnes
1148 1146 1282 1227 juvenes
1347 1177 1353 1194 ·-

142 1247 242 1314 luisse
272 1248 432 1316 dicuutur.
476 1247 526 1312 Ad
560 1247 743 1331 Scipionem
775 1267 851 1315 vero
880 1249 1118 1316 sanctissimum
1141 1249 1278 1316 Cartba-

144 1356 333 1440 giuieusium
357 1355 520 1422 consilium
541 1360 691 1436 venerat,
720 1355 754 1420 id
777 1361 829 1422 est
850 1377 944 1423 senes
979 1356 1016 1422 L.
1040 1357 1146 1441 XXX,
1176 1362 1226 1441 16,
1250 1364 1280 1424 3,

142 1463 292 1531 Editores
315 1463 445 1548 quidem
466 1463 590 1529 Livium
611 1462 783 1530 defendere
804 1463 954 1547 student,
984 1465 1043 1531 sed
1064 1466 1149 1532 bano
1167 1467 1281 1535 dictio·

140 1592 214 1638 nem
235 1571 350 1638 saltem
371 1570 555 1657 ambiguam
577 1591 649 1638 esse
671 1576 825 1658 apparet,
849 1591 953 1656 neque
974 1572 1082 1640 Livius
1103 1595 1239 1658 prorsus
1261 1597 1283 1640 a

90 1690 92 1696 ·
140 1675 322 1762 suspicione
344 1675 475 1743 liberari
505 1679 623 1759 potest,
673 1676 737 1744 sibi
756 1677 952 1762 repugnatio
982 1679 1174 1744 narravisse.
1217 1678 1281 1744 Sed

141 1785 239 1851 etiam
260 1784 367 1867 ipsum
389 1783 544 1850 narrandi
566 1805 665 1869 genus
686 1783 826 1865 indicat,
859 1785 941 1850 baec
969 1785 1078 1869 capita
1112 1786 1168 1852 alii
1198 1786 1282 1853 fonti

140 1890 269 1972 deberi,
292 1913 389 1976 quam
412 1891 468 1974 qui
490 1892 523 1958 in
544 1890 643 1958 rebus
665 1891 794 1957 Africae
823 1897 1016 1975 usurpatur3
1050 1897 1149 1976 atque
1181 1895 1281 1960 etiam

140 1998 239 2080 XXX,
262 2003 315 2082 24,
340 2004 424 2064 1-4
446 1999 487 2065 ad
510 1999 643 2065 annales
665 1999 837 2082 pertinere.
861 2037 903 2049 -

225 2107 349 2174 Deinde
371 2129 446 2175 vero
468 2108 567 2190 XXX,
591 2111 651 2190 24,
682 2112 700 2172 5
723 2107 833 2174 Livius
847 2107 934 2174 redit
964 2108 1006 2173 ad
1037 2107 1159 2174 iontem
1180 2109 1281 2192 XXX,

145 2217 183 2278 17
207 2182 377 2308 desertt‘br.
421 2216 468 2282 Ao
492 2215 640 2300 Polybius
663 2214 804 2299 quidem,
828 2215 884 2300 qui
904 2215 945 2280 de
958 2235 1282 2282 summarerumcum

139 2319 230 2387 Livio
251 2322 423 2404 consentit,
444 2322 548 2404 affert,
571 2323 696 2408 legatos
719 2343 740 2388 a
761 2321 910 2406 Scipione
925 2320 1151 2408 carthaginem
1167 2323 1282 2389 missos

140 2449 248 2495 coram
272 2435 388 2496 senatu
411 2435 445 2497 et
466 2429 553 2514 apud
575 2427 730 2514 populum
751 2428 851 2497 rerba
871 2429 996 2512 iecisse,
1008 2430 1172 2515 nimiaque
1183 2431 1282 2498 liber·

140 2540 209 2603 tate
242 2540 395 2620 utrosque
428 2535 616 2603 irritavisse.
661 2535 801 2602 Senatus
829 2537 931 2620 igitur
959 2536 1064 2602 iratus
1095 2558 1151 2604 eos
1182 2537 1282 2603 inter-

139 2643 241 2710 imere
270 2645 358 2726 vult,
397 2664 437 2710 ae
464 2644 540 2710 dum
567 2664 626 2728 per
659 2643 799 2727 speciem
835 2642 978 2738 'navibus
1011 2644 1143 2711 domum
1172 2667 1283 2730 prose-

140 2752 261 2836 quitur,
284 2752 366 2818 clam
386 2751 587 2818 Hasdrubali
609 2751 777 2836 praecipit,
801 2755 839 2816 ut
859 2771 916 2817 eos
938 2753 1178 2836 aggrederetur,
1194 2753 1282 2839 quod

140 2859 196 2927 ille
217 2860 380 2926 nonnullis
409 2859 596 2928 triremibus
629 2859 736 2926 missis
765 2880 867 2943 prope
892 2858 1012 2926 flumen
1033 2859 1166 2927 Macran
1193 2860 1282 2928 facit.

41 2995 43 3000 ·
140 2966 258 3034 Omnes
279 2968 346 3035 lere
362 2967 499 3036 Romani
521 2969 699 3048 intereunt3
722 2966 786 3050 ipsi
805 2966 907 3050 legati
926 2972 1105 3034 servantur.
1118 3005 1160 3017 -
1179 2967 1282 3036 Paulo

140 3075 238 3142 aliter
268 3076 393 3158 Livius,
438 3076 494 3160 qui
528 3075 623 3142 dicit:
655 3074 812 3158 Legatos,
851 3073 908 3158 qui
940 3074 1069 3140 omuino
1102 3074 1282 3140 orationem

141 3205 206 3250 non
228 3184 422 3266 habuerunt,
445 3190 579 3269 propter
600 3182 711 3268 populi
733 3182 875 3249 furorem
899 3202 922 3248 a
943 3186 1057 3249 senatu
1078 3183 1222 3264 petiisse,
1245 3187 1283 3248 ut

139 3290 276 3358 navibus
307 3314 342 3359 se
373 3300 656 3377 prosequerentur.
702 3291 772 3368 Quo
794 3290 880 3358 lacto
910 3310 981 3356 oum
1008 3289 1052 3356 ad
1072 3288 1192 3355 flumen
1212 3289 1282 3355 Ba-

115 3397 277 3484 ¹gradem
293 3401 524 3484 pervenissent,
549 3401 591 3466 ab
623 3398 830 3467 Hasdrubale
864 3398 969 3465 tribus
998 3398 1283 3482 quinqueremibus

139 3510 279 3593 impetus
301 3509 334 3573 iu
357 3529 413 3574 eos
435 3507 493 3590 fit3
523 3508 646 3588 addito,
681 3506 816 3574 dubium
846 3528 931 3587 esse,
966 3511 1074 3572 utrum
1096 3505 1283 3573 Hasdrubal

140 3617 263 3702 injussu
286 3620 417 3682 senatus
440 3615 561 3697 feeerit,
585 3635 695 3681 neone.
740 3612 859 3680 Omnes
881 3617 989 3679 autem
1012 3612 1187 3679 incolumes
1210 3633 1282 3680 eva·

141 3725 237 3808 dunt,
271 3726 362 3792 navis
400 3729 525 3791 tantum
553 3727 681 3810 jactura
714 3722 811 3789 lacta.
854 3722 923 3788 Lir.
956 3721 1055 3804 XXX,
1080 3726 1139 3804 25,
1165 3722 1280 3787 1-10.

140 3833 230 3900 Haec
249 3833 349 3918 igitur
371 3832 458 3916 apud
480 3838 653 3916 utrumque
676 3831 868 3916 scriptorem
889 3830 924 3896 in
945 3831 1128 3896 universum
1152 3829 1282 3913 quidem

139 3943 237 4010 simili
259 3941 354 4009 modo
378 3948 571 4024 narramur,
600 3940 656 4008 sed
679 3941 706 4009 si
730 3939 872 4025 singulas
895 3959 948 4006 res
970 3943 1116 4024 spectes,
1149 3959 1283 4021 prorsus

141 4051 268 4117 diversa
291 4057 376 4119 sunt.
