2842 4642
717 17 758 80 25

166 185 201 252 io
222 182 376 254 hoolibro
399 183 498 252 ulimn
518 184 638 278 iontem
650 206 746 269 quem
769 186 803 250 in
823 183 879 252 lib.
898 183 1003 251 XXVI
1017 191 1209 271 usurpatum
1221 188 1315 272 pute·
1372 155 1377 172 ⁶

166 315 253 374 mus3
271 294 327 360 sed
339 293 491 360 Livianae
502 279 626 360 levitati
643 314 744 374 error,
765 293 794 359 si
809 293 956 376 quisset,
973 292 1122 360 debetur.
1133 294 1170 359 L.
1182 293 1313 375 XXVII,

168 407 219 483 36,
246 406 261 466 l
284 401 425 468 Senatus
443 400 758 485 Carthaginiensium
773 399 942 484 Magonem
960 401 1054 487 jubet
1077 423 1150 468 oum
1170 404 1315 468 exercitu

166 509 201 574 in
214 507 340 574 Italiam
366 507 536 592 proficisci,
558 505 644 573 unde
666 512 814 590 apparet,
837 506 959 574 iontem
984 515 1130 575 nostrum
1143 508 1314 589 rabonem,

167 635 251 699 qnae
271 615 357 682 inser
376 615 474 682 duces
496 619 530 681 et
551 615 763 698 magistratus
773 613 954 680 Poenorum
976 614 1209 695 intercedebat,
1232 615 1315 681 bene

167 723 326 807 cognitam
350 722 513 788 habuisse.
534 721 579 789 ib.
601 743 629 790 o.
654 726 705 802 37,
733 720 918 802 lGimbioe,
939 728 1070 806 portum
1091 743 1193 807 prope
1205 722 1315 790 Gades

167 830 322 911 nominat,
346 829 477 896 suffetes
497 828 735 896 Gaditanorum
756 835 1023 914 quaestoremque
1044 848 1156 897 eorum
1178 851 1315 897 comme·

168 942 284 1017 morat,
307 937 392 1004 uude
414 935 578 1017 videmus,
600 956 673 1002 eum
696 936 838 1018 scivisse,
860 936 1019 1003 coloniam
1039 937 1212 1020 Punicam,
1233 958 1316 1021 quae

168 1043 314 1111 (indibus
336 1050 419 1126 erat,
442 1065 508 1110 non
529 1043 625 1111 alltsr
645 1045 832 1112 institutum
852 1042 970 1124 luisse,
992 1063 1091 1129 quam
1111 1047 1217 1128 ipsam
1237 1044 1316 1112 Gar·

168 1151 342 1238 thagiuem.
386 1152 439 1220 Ad
463 1157 642 1220 extremum
663 1153 701 1219 L.
723 1152 873 1234 XXVIII,
898 1157 950 1233 37,
974 1159 1060 1218 4-5
1081 1153 1238 1221 Baleares
1261 1153 1314 1219 Pi·

169 1259 369 1346 thyusaeqne
381 1280 446 1326 non
461 1260 566 1329 solum
582 1261 800 1341 nominantur,
822 1258 878 1326 ssd
897 1258 1135 1342 describuntur,
1157 1265 1315 1345 quantum

169 1369 258 1436 iuter
278 1390 313 1436 se
334 1367 472 1449 distant,
495 1368 647 1450 affertur,
671 1367 781 1453 qualia
802 1367 889 1453 apud
912 1369 1017 1436 solum
1038 1367 1206 1454 Polybium
1228 1369 1315 1436 inve·

171 1477 242 1545 nire
253 1475 403 1557 solemus;
419 1475 536 1544 deinde
550 1476 595 1544 ib.
618 1497 645 1545 c.
658 1481 700 1542 46
722 1495 807 1560 qnae
817 1475 913 1560 Mago
934 1476 968 1545 in
981 1476 1155 1561 Liguribus
1169 1477 1316 1561 gesserit,

170 1589 265 1652 tanta
288 1584 451 1652 nominum
473 1585 679 1654 multitudino
701 1585 803 1652 allata
824 1583 1061 1670 describuntur,
1081 1589 1119 1652 ut
1137 1585 1245 1653 omniu
1266 1605 1318 1653 re·

171 1689 258 1760 lerre
279 1692 401 1776 pigeat.

257 1799 373 1883 Itaque
393 1800 533 1868 sinutor
554 1804 674 1881 noster,
696 1804 734 1866 ut
755 1797 812 1864 illa
833 1818 910 1866 voce
930 1797 980 1864 nti
1000 1797 1107 1880 boeot,
1130 1819 1213 1884 quae
1230 1800 1318 1884 apud

172 1905 283 1974 hostes
305 1911 397 1990 gesta
419 1907 501 1988 sint,
525 1908 646 1991 optime
668 1905 745 1987 soit,
766 1927 833 1972 non
853 1905 959 1972 minus
980 1905 1080 1988 bene,
1102 1927 1187 1991 quae
1207 1908 1243 1974 in
1265 1927 1318 1975 ca·

172 2014 248 2082 stris
270 2015 412 2084 romanis
441 2013 634 2094 acciderint,
663 2014 812 2097 exponit,
845 2012 931 2080 unde
960 2012 1139 2082 certissime
1170 2022 1318 2100 apparet,

172 2143 246 2190 cum
267 2120 418 2207 Polybius
452 2121 565 2188 eadem
592 2121 661 2189 fere
688 2139 752 2189 non
785 2119 920 2201 babeat,
950 2141 1023 2186 eum
1054 2141 1120 2186 non
1150 2121 1318 2207 Polybium

172 2229 282 2313 sequi,
315 2227 372 2296 sed
404 2248 464 2296 sua
497 2227 677 2313 cognitione
699 2227 758 2293 uti.
780 2265 823 2276 -
845 2226 918 2292 Non
951 2227 1054 2293 solum
1080 2228 1182 2312 igitur
1202 2229 1318 2296 iisdem

176 2337 276 2414 locis,
297 2335 415 2420 quibus
438 2334 590 2420 Polybius
613 2334 776 2416 Silanum,
798 2333 972 2413 Marcium,
996 2333 1142 2402 Laelium
1164 2337 1317 2419 nominat,

174 2443 233 2512 sed
254 2449 459 2528 quaestorem
482 2464 610 2528 quoquo
625 2443 784 2527 Scipionis
805 2441 842 2506 L.
857 2441 1051 2508 Flaminium
1066 2441 1171 2526 affert,
1193 2444 1235 2509 de
1251 2466 1317 2529 quo

176 2549 328 2636 Polybius
356 2571 397 2618 ne
427 2549 560 2618 verbum
589 2550 740 2634 quidem,
769 2549 806 2614 L.
834 2548 956 2632 XXVI,
997 2554 1037 2616 19
1070 2549 1198 2618 siresa
1219 2553 1316 2620 sociis

175 2659 271 2728 latini
303 2659 441 2726 nominis
473 2659 736 2744 distinguuntur3
768 2677 848 2742 quoe
876 2656 1028 2742 Polybius
1058 2680 1222 2744 nunquam
1254 2659 1318 2727 dis-

174 2767 295 2847 cernit3
317 2765 435 2850 Scipio,
446 2766 483 2831 L.
495 2765 644 2847 XXVIII,
668 2767 721 2847 14,
745 2770 762 2829 7
778 2766 806 2830 si
819 2784 904 2849 quae
917 2765 1066 2848 imperat,
1080 2765 1201 2832 talibus
1215 2767 1319 2834 verbis

175 2874 271 2955 tacit,
301 2873 410 2958 qualia
431 2874 466 2940 in
498 2873 615 2940 castris
636 2872 792 2938 Romanis
817 2891 934 2938 sonare
956 2871 1118 2953 solebant3
1146 2873 1318 2957 LXXVI,

179 2985 221 3051 48
242 3001 379 3048 coronae
408 2981 548 3049 murales
578 2979 818 3049 distribuuntur
838 2981 1041 3062 virorumque
1069 2977 1319 3048 fortissimorum

177 3089 307 3156 uomina
327 3109 366 3154 ao
386 3094 548 3160 certamen
571 3087 612 3154 de
632 3087 672 3154 iis
695 3092 800 3153 ortum
823 3091 1014 3166 narrantur,
1041 3084 1078 3152 L.
1100 3086 1252 3170 XXVIII,
1276 3093 1319 3154 20

176 3195 364 3278 transfugae
378 3195 448 3264 Afri
458 3195 493 3260 in
514 3193 630 3264 castris
641 3193 805 3274 Romanis,
830 3197 865 3257 at
882 3212 966 3275 qnae
987 3192 1021 3259 in
1034 3190 1114 3258 urbe
1130 3195 1255 3278 Astapa
1265 3215 1319 3264 ex·

177 3304 352 3388 pugnando.
372 3303 519 3384 iecermt,
549 3305 855 3380 commemorantur,
877 3299 1087 3383 LXXVIII,
1117 3305 1174 3383 24,
1200 3306 1249 3370 13.
1272 3302 1318 3369 ib.

179 3411 239 3491 28,
268 3415 298 3476 8.
321 3409 364 3476 ib.
390 3415 441 3476 29.
467 3416 484 3475 7
507 3409 638 3476 nomina
659 3409 840 3493 principum
862 3407 1030 3475 seditionis
1065 3409 1100 3474 in
1121 3411 1238 3480 castris
1259 3411 1319 3478 Su·

178 3514 387 3585 tranensibus
404 3514 510 3580 lactas
532 3512 707 3595 habentur,
730 3511 804 3578 alia.

265 3623 315 3688 Ex
326 3623 377 3690 his
396 3622 496 3706 igitur
506 3624 651 3706 apparet,
675 3619 823 3686 omnibus
844 3617 909 3686 illis
928 3619 1167 3687 narrationibus
1177 3621 1319 3690 Livianis

179 3729 332 3798 nonnulla
344 3751 414 3796 esse
437 3729 579 3814 propria,
603 3748 687 3812 queo
709 3727 771 3793 nisi
795 3747 836 3794 ex
856 3747 921 3793 uno
942 3727 1119 3811 eodemque
1140 3731 1228 3796 sonte
1248 3729 1320 3796 des·

179 3841 310 3921 sumpta
331 3843 450 3916 essent,
474 3836 554 3902 satis
576 3835 862 3901 miraviderentur.
907 3834 971 3900 Sed
984 3835 1141 3901 accedunt
1162 3836 1238 3902 alia.
1281 3838 1320 3904 In

178 3965 372 4030 unoquoque
393 3943 474 4012 Livii
505 3943 589 4010 libro
618 3941 756 4008 vidimus
782 3961 980 4007 communem
1013 3963 1084 4008 esse
1105 3942 1225 4009 iontem
1247 3966 1319 4010 oum
1411 4000 1414 4019 ,

179 4053 324 4139 Polybi03
346 4053 419 4140 quis
441 4053 540 4136 igitur
561 4051 668 4132 dicas,
690 4049 725 4116 in
746 4069 940 4134 unoquoque
960 4049 1045 4117 IIbro
1066 4047 1166 4117 alium
1187 4050 1316 4118 iontem.

177 4182 316 4248 eumque
349 4181 549 4228 communem
582 4157 757 4242 usurpari?
802 4156 896 4235 Quod
929 4157 958 4226 si
990 4157 1077 4243 apud
1109 4159 1190 4226 duos
1210 4165 1312 4228 aetats
