2842 4642
679 27 721 90 45

215 195 341 264 Deinde
363 195 431 263 Lir.
454 195 560 278 XXX,
591 198 700 277 525,
726 196 838 260 11-5.
873 196 916 258 28
948 213 990 259 ox
1015 192 1185 260 annalibus
1216 193 1272 259 de·

131 306 251 388 scripta
284 325 356 370 esse
378 309 525 389 apparet.
582 301 749 370 Hannibal
782 300 1020 385 praetereundo
1064 299 1107 366 ad
1141 300 1269 384 Leptim

130 411 267 478 classem
288 411 451 496 appulisse
474 411 608 477 dicitur:
629 409 731 492 XXX,
757 413 809 490 25,
836 413 894 490 11;
916 409 968 475 cui
989 413 1151 492 repugnat
1172 408 1272 486 XXX,

133 523 185 600 29,
208 525 224 584 1
248 519 303 586 ubi
326 541 398 585 eum
421 519 657 585 Hadrumetum
679 519 860 582 interram
892 537 1056 600 egressum
1089 537 1159 584 5555
1181 515 1274 581 audi·

135 648 206 692 mus
231 626 295 708 (cir.
318 628 359 694 U.
382 625 523 708 Becker,
554 625 595 692 de
617 625 755 692 historia
775 622 854 690 belli
875 623 983 708 punici
1006 623 1137 690 secundi
1160 642 1274 707 quaes·

19 763 22 771 ⁴
132 736 236 801 115555
258 735 523 820 praeparantium,
549 756 583 818 p.
615 735 702 816 167).
757 732 826 798 Lis.
848 731 959 812 XXX,
992 752 1019 796 5.
1051 735 1103 812 26,
1128 733 1213 797 1-4
1235 751 1276 796 ex

132 841 269 926 Polybio
291 862 355 908 non
378 862 449 908 esse
471 861 634 922 conversa,
656 860 729 908 cum
751 839 873 906 multae
892 839 1106 905 aliaecausae
1119 838 1275 920 iudicant,

133 952 201 1013 tum
225 968 309 1031 quae
338 969 366 1013 c.
390 952 450 1030 26,
486 952 504 1012 3
537 948 577 1013 de
600 946 741 1030 Sopatro
772 952 807 1014 et
839 946 880 1011 dc
900 944 1112 1012 Macedonum
1143 945 1274 1012 auxiliis

133 1053 328 1136 afferuntur,
352 1054 393 1120 de
415 1052 531 1138 quibus
551 1052 637 1118 inira
660 1051 755 1136 plura
776 1053 927 1119 dicemus.

219 1162 400 1228 11555155
423 1181 507 1246 quae
530 1160 586 1226 lib.
607 1160 706 1243 XXX,
729 1181 756 1226 5.
779 1165 821 1226 29
839 1182 889 1245 sq.
910 1160 997 1245 apud
1020 1160 1145 1228 Livium
1166 1161 1276 1245 legun·

134 1273 197 1350 tur,
220 1288 317 1354 quam
341 1269 482 1335 maxime
505 1289 576 1333 oum
599 1266 734 1353 Polybio
756 1266 980 1348 consentiunt,
1003 1267 1204 1351 paucissimis
1225 1288 1277 1334 re·

136 1375 359 1460 buscxcoptis.
403 1375 440 1441 P.
462 1374 554 1453 XIV,
578 1394 605 1441 c.
628 1376 721 1440 3--c.
748 1375 799 1438 12.
842 1373 996 1458 Polybius
1014 1374 1115 1460 igitur
1135 1373 1226 1456 XIV,
1248 1394 1276 1440 c.

135 1487 166 1564 4,
190 1487 364 1563 9555551,
388 1481 544 1548 Baebium
566 1480 708 1567 legatum
733 1479 883 1565 Scipione
909 1477 1045 1548 absente
1063 1484 1155 1567 jussu
1178 1481 1277 1564 impe·

134 1591 252 1656 ratoris
275 1590 588 1675 Carthaginiensium
618 1589 743 1674 legatos
771 1588 901 1655 domum
924 1589 1069 1671 misisse,
1102 1588 1179 1654 dum
1208 1588 1276 1654 Liv.
1304 1622 1319 1628 r

133 1697 233 1778 XXX,
257 1701 309 1780 25,
334 1699 375 1764 10
398 1698 502 1781 ipsum
527 1696 709 1780 Scipionem
731 1696 792 1761 555
811 1695 925 1762 fecisse
947 1696 1041 1762 dixit.
1086 1696 1155 1761 Liv.
1175 1695 1274 1775 XXX,

136 1809 188 1888 33,
213 1809 231 1870 6
254 1805 374 1871 milites
394 1804 587 1871 Hannibalis
608 1803 732 1870 Bruttii
754 1803 957 1885 afferuntur3
991 1823 1075 1887 quae
1105 1803 1198 1888 sigua
1218 1805 1276 1869 mi·

136 1911 267 1993 litania,
299 1917 379 1996 quot
390 1910 554 1995 elephanti
576 1912 663 1978 caesi
686 1911 839 1995 captique
861 1916 969 1977 essent
998 1911 1036 1975 L.
1059 1910 1158 1991 XXX,
1181 1914 1233 1990 35,
1258 1915 1277 1974 3

136 2025 287 2087 accurate
317 2020 504 2104 exponitur,
540 2019 622 2097 nihil
651 2019 691 2084 de
726 2017 876 2086 omnibus
910 2017 960 2084 his
989 2018 1087 2084 rebus
1115 2017 1278 2102 Polybius.

136 2127 200 2193 Sed
221 2127 302 2192 haec
323 2126 464 2207 leviora;
497 2125 613 2192 summi
635 2130 743 2191 autom
776 2125 930 2192 momenti
960 2130 1024 2207 est,
1054 2124 1141 2209 quod
1167 2125 1277 2190 Liuius

10 2279 11 2286 .
134 2233 237 2315 XXX,
261 2254 287 2298 c.
313 2237 365 2315 33,
389 2237 407 2298 6
429 2235 463 2299 15
486 2235 555 2300 5515
576 2233 767 2299 Hannibalis
788 2233 946 2317 legionem
968 2232 1178 2305 Μ5555105551
1193 2253 1280 2300 com·

137 2347 312 2424 memorat,
334 2361 432 2426 quam
456 2342 622 2409 Nissenius
645 2348 734 2408 recto
756 2341 845 2424 dicit,
868 2363 932 2408 non
956 2342 1025 2408 eine
1047 2331 1158 2426 aliqua
1179 2361 1279 2407 causa

138 2447 316 2534 aPolybio
340 2451 490 2518 chssam
523 2471 604 2517 esse.
648 2450 682 2516 P.
703 2450 792 2533 XIV,
822 2453 927 2515 511.
962 2450 1092 2532 (Nissen
1125 2471 1158 2534 p.
1190 2452 1277 2536 123).

136 2555 202 2626 Sed
225 2556 333 2624 Liuius
356 2556 417 2626 hoc
448 2558 510 2626 sibi
545 2579 609 2624 non
637 2557 751 2640 finxit3
786 2557 820 2622 in
852 2556 942 2624 15515
973 2579 1033 2623 555
1067 2558 1186 2638 iuerat3
1211 2561 1279 2643 jam

134 2662 235 2745 XXX,
259 2683 287 2744 5,
311 2668 370 2746 26,
396 2669 479 2730 1-4
502 2664 542 2730 de
573 2664 634 2732 hac
655 2663 866 2730 Macedonum
900 2663 1026 2748 legions
1060 2663 1186 2730 locutus
1218 2669 1279 2746 est,

135 2761 236 2854 atque
257 2769 357 2853 XXX,
380 2791 407 2836 c.
436 2775 489 2852 42,
513 2775 531 2836 6
555 2772 673 2838 iterum
696 2770 878 2855 Sopatrum,
903 2793 921 2836 5
942 2769 1135 2855 propinquis
1158 2778 1192 2836 51
1204 2791 1279 2855 pur·

134 2877 262 2959 pnratis
283 2878 379 2962 regis,
401 2877 436 2942 iu
460 2878 600 2944 Africam
622 2878 791 2944 transiisse
805 2882 927 2942 narrat.
950 2875 1015 2942 Sed
1037 2877 1279 2961 uterquelocus

137 3005 178 3049 ex
199 2983 372 3050 annalibus
395 2984 585 3068 desumptus
607 2991 678 3065 cst3
701 3004 740 3050 55
760 3005 814 3049 555
836 2985 909 3067 1555
930 3006 1008 3075 num
1028 2986 1280 3068 rerasit,quam

136 3092 276 3158 maxime
299 3091 442 3158 dubium.
487 3091 569 3157 Nam
593 3091 621 3156 si
643 3112 720 3157 vera
741 3096 823 3173 5551,
844 3094 998 3176 majestas
1020 3092 1131 3176 555511
1144 3093 1281 3160 Romani

135 3198 335 3283 postulabat,
357 3205 395 3265 ut
417 3198 579 3283 extemplo
624 3198 746 3265 bellum
767 3198 916 3283 Philippo
939 3199 1152 3282 indiceretur,
1174 3221 1281 3286 neque

137 3327 236 3373 causa
259 3312 349 3390 erat,
373 3328 431 3374 cur
464 3313 595 3374 senatus
632 3307 748 3374 callide
779 3328 891 3374 omnes
917 3309 1102 3375 occasiones
1122 3309 1165 3375 ad
1190 3308 1280 3376 Phil·

135 3413 223 3497 lippc
246 3412 365 3478 bellum
387 3413 588 3480 inferendum
609 3415 830 3499 conquireret;
863 3414 1031 3499 Philippus
1059 3421 1169 3483 autem
1192 3437 1278 3483 anno

137 3539 158 3586 5
181 3518 238 3586 Ob
263 3523 326 3585 205
349 3541 460 3604 pacem
483 3521 606 3589 lecerat
628 3544 701 3588 cum
722 3522 950 3605 Romaniano
971 3544 1031 3606 per
1053 3529 1157 3590 totam
1179 3525 1279 3602 vitam

136 3627 171 3694 id
194 3649 322 3713 semper
353 3650 452 3714 quam
483 3633 622 3698 maxime
653 3630 809 3711 cavebat,
839 3652 881 3697 ue
914 3632 1067 3716 populum
1100 3633 1278 3699 Romanum

136 3735 230 3802 nimis
252 3735 286 3800 iu
308 3756 342 3802 se
364 3736 541 3804 acerbaret.
585 3738 711 3823 Itaque,
734 3737 762 3803 si
774 3737 1012 3804 Macedonesin
1026 3739 1169 3806 exercitu
1191 3737 1280 3805 Hau·

137 3842 256 3909 nibalis
280 3848 382 3926 erant,
405 3845 530 3930 injussu
553 3845 637 3930 regis
661 3845 853 3927 militabant,
876 3866 916 3912 ac
937 3852 1040 3914 totam
1055 3845 1138 3912 hanc
1167 3866 1279 3912 narra·

135 3951 257 4018 tionem
281 3972 322 4016 ex
343 3953 582 4018 contumeliosis
603 3954 666 4019 illis
697 3953 793 4020 dictis
815 3959 849 4020 et
882 3953 971 4022 falsis
1002 3954 1280 4022 criminationibus

138 4063 243 4124 ortem
266 4057 469 4139 crediderim,
485 4058 602 4144 quibus
626 4065 694 4125 tum
722 4059 879 4144 populum'
897 4060 1076 4128 Romanurn
1105 4061 1140 4126 iu
1170 4079 1279 4144 regem

134 4164 348 4232 Macedonum
370 4165 579 4249 instigabant.
615 4166 678 4232 Sed
702 4171 853 4248 ututeet,
876 4167 909 4233 id
919 4175 1007 4235 certe
1020 4172 1167 4252 apparet,
1180 4165 1279 4232 etiam
