2842 4642
117 148 243 236 Polyb.
276 147 325 230 X,
359 150 396 228 6,
431 145 483 212 12.
533 143 626 210 Haec
646 141 747 227 igitur
772 139 920 227 paucitas
943 142 1012 226 jam
1040 137 1122 204 satis
1141 134 1273 217 indicat,

119 257 252 339 1666666
282 256 355 323 libr.
388 252 603 321 XXI-XXII
646 251 689 318 ab
727 247 984 334 expeditionibus
1013 245 1172 330 Scipionis
1202 263 1274 311 esse

121 367 241 451 aliquo
263 364 359 432 modo
381 363 557 447 diversum,
579 359 666 446 6666
685 363 754 447 jam
776 357 970 439 Nitnscbins,
993 371 1188 440 quamquam
1211 351 1276 422 alio

123 475 229 542 modo
251 473 341 543 dixit.
386 472 435 560 (in
456 491 570 538 museo
590 468 723 535 rhenan.
745 467 862 534 XXIII.
884 488 917 551 p.
931 464 1130 549 604-606.)
1148 499 1188 512 -
1258 516 1261 521 .

210 581 272 650 Sed
282 583 309 648 si
321 581 484 666 pergimus
490 580 524 646 in
532 578 613 644 Livii
621 577 719 658 lente,
733 597 797 662 666
807 577 840 642 in
848 574 1006 659 Scipionis
1020 573 1118 640 rebus
1130 592 1207 638 usus
1215 574 1276 652 est,

127 690 392 774 contemplando,
416 709 488 755 eum
511 689 580 754 sine
597 686 695 753 dubio
706 685 807 752 luisse
821 683 958 750 latinum
970 682 1158 748 invenimus.
1183 678 1276 759 Quod

127 821 199 866 non
225 796 329 866 solum
357 799 392 864 in
420 798 578 881 scriptore
600 795 718 862 Latino
747 791 920 861 verisimile
952 796 1002 856 est
1032 796 1066 856 et
1089 810 1154 855 non
1180 787 1277 854 modo

127 908 209 974 inde
231 912 378 993 apparet,
402 906 487 991 6666
511 905 635 990 graecis
657 904 765 970 verbis
790 906 889 982 caret,
901 900 959 966 sed
970 899 1068 966 certis
1084 897 1278 965 testimoniis

128 1016 373 1101 comprobatur.
418 1014 525 1100 Supra
545 1015 645 1098 igitur
668 1013 816 1093 vidimus,
839 1010 943 1077 solum
965 1006 1089 1074 Livium
1110 1007 1145 1072 in
1169 1017 1277 1091 pugna

128 1123 283 1190 Zamensi
304 1121 462 1206 legionem
484 1119 727 1187 Macedonicam
749 1118 935 1198 nominare;
956 1114 1056 1196 XXX,
1081 1118 1133 1196 33,
1154 1117 1184 1178 6.
1214 1111 1279 1178 Sed

130 1236 278 1310 constat,
311 1228 520 1305 Macedones,
552 1226 581 1292 si
603 1225 658 1311 qui
672 1223 769 1310 ,apud
791 1223 1006 1289 Hannibalem
1029 1227 1132 1302 erant,
1156 1221 1279 1306 injussu

28 1345 29 1356 ¹
130 1337 273 1424 Philippi
295 1337 472 1418 militasse;
494 1335 631 1402 Romam
653 1340 760 1400 autem
782 1332 932 1417 Philippo
963 1330 1176 1419 objiciebant,
1203 1350 1277 1396 eum

131 1443 253 1510 milites
274 1444 415 1527 mislsse,
449 1463 554 1528 neque
578 1442 748 1509 veritatem
771 1440 865 1527 hujus
888 1439 1120 1507 criminationis
1150 1437 1280 1504 demon·

28 1537 29 1572 ³
133 1558 243 1618 strare
265 1556 428 1635 poterant.
472 1551 587 1637 Itaque
609 1551 697 1636 apud
720 1551 910 1630 annalistas,
934 1547 990 1634 qui
1011 1546 1079 1614 Liu.
1101 1547 1202 1629 XXX,
1225 1549 1278 1628 26,

136 1662 155 1724 3
177 1664 212 1725 66
232 1658 336 1740 XXX,
359 1663 401 1725 42
425 1660 694 1742 conscripserunt,
716 1658 803 1724 hanc
821 1657 978 1743 legionem
996 1657 1278 1723 commemoratam

29 1751 33 1808 ³
134 1767 291 1850 videmus,
314 1767 465 1852 apposito
487 1767 588 1849 XXX,
612 1771 665 1844 26,
689 1771 725 1832 3:
749 1767 853 1834 socios
875 1766 988 1850 populi
1009 1765 1157 1848 Romani,
1171 1765 1278 1848 idest,

28 1873 35 1888 ’
133 1874 281 1941 inimicos
303 1873 462 1962 Philippi,
489 1874 550 1942 hoc
571 1875 818 1941 renuntiavisse.
863 1873 926 1952 Qui
948 1873 1098 1956 nuntius,
1120 1894 1192 1939 cum
1213 1894 1279 1940 non

133 2003 210 2049 vera
231 1983 364 2051 alienet
391 1989 425 2051 66
447 1982 489 2051 ab
511 1983 658 2050 hostibus
680 1983 821 2068 Philippi
843 1987 1010 2064 oreretur,
1039 1981 1126 2066 apud
1148 1988 1285 2048 autores

133 2090 169 2156 iu
190 2089 373 2176 Philippum
405 2090 549 2162 infensos
583 2092 721 2158 maxime
749 2097 784 2158 et
804 2091 972 2178 legebatur
994 2096 1029 2158 et
1050 2089 1279 2174 repetebatur;

28 2187 33 2242 3
132 2195 171 2264 id
190 2202 251 2279 666,
275 2197 360 2282 apud
372 2197 544 2266 Romanos.
588 2197 697 2263 Etiam
720 2197 809 2279 illud,
833 2197 919 2282 6666
932 2195 1032 2278 XXX,
1053 2198 1105 2278 66,
1130 2199 1148 2260 3
1173 2187 1281 2280 „legio

134 2302 366 2373 Macedonum“
388 2303 525 2386 dicitur,
555 2303 666 2371 addito
689 2307 777 2370 4000
805 2303 950 2370 homines
980 2303 1098 2384 luisse,
1133 2289 1191 2388 666
1220 2323 1279 2368 nu·

28 2420 34 2432 ’
135 2432 243 2480 merus
265 2411 384 2498 legioni
406 2412 475 2479 iere
497 2418 547 2479 est
567 2433 638 2498 par,
663 2412 776 2498 (XXX,
801 2416 852 2495 42,
877 2415 906 2498 7)
930 2413 1142 2498 suspicionem
1164 2416 1278 2494 movet,

29 2527 33 2542 '
135 2519 318 2586 Romanum
340 2541 414 2588 esse
435 2522 578 2604 sontem3
608 2541 689 2588 nam·
705 2521 849 2606 phalanx
870 2520 1080 2588 Macedonica
1109 2541 1149 2586 ex
1177 2520 1279 2586 mani·

135 2623 221 2714 pulis
266 2628 539 2714 componebatur,
587 2651 725 2716 quorum
766 2630 988 2716 unusquisque
1028 2632 1113 2696 1000
1126 2628 1194 2695 fere
1221 2628 1279 2694 ho-

135 2737 237 2805 mines
260 2743 363 2804 erant.
408 2737 481 2826 (cir.
503 2737 627 2825 Kichly
647 2761 679 2804 6.
692 2737 834 2822 Β66666,
847 2737 1062 2824 griechischen
1075 2736 1277 2805 Heeruesen.

135 2864 166 2928 6.
191 2845 282 2932 236.)

222 2951 311 3020 Infra
339 2973 415 3021 vero
443 2953 550 3036 XXX,
585 2960 636 3037 37,
671 2954 864 3039 Slegimnsr
898 2974 996 3038 „pars
1022 2953 1183 3021 exercitus
1204 2974 1278 3022 cum

135 3059 221 3126 omni
253 3060 401 3145 equitatu
432 3062 664 3130 Saturnalibus
689 3064 813 3145 primic
843 3081 958 3147 agmen
989 3061 1191 3151 (Verminae)
1223 3084 1281 3149 ag-

32 3194 36 3224 ι
136 3185 256 3251 gressa,
280 3173 344 3218 -“
368 3169 503 3236 neena
524 3169 623 3254 igitur
644 3167 685 3236 66
706 3170 860 3237 Vermina
871 3175 1039 3254 reportata
1055 3192 1119 3236 non
1133 3176 1277 3256 praeter·

136 3275 250 3356 eundo,
273 3275 330 3342 sed
350 3276 414 3355 ita,
446 3281 525 3342 uta
557 3282 629 3344 6666
658 3279 842 3344 narratione
871 3279 1018 3362 separari
1047 3285 1202 3363 nequeat,
1233 3279 1276 3346 ad

134 3381 237 3466 prima
258 3381 444 3450 Saturnalia
464 3383 622 3466 refertur3
643 3385 730 3470 6666
753 3386 839 3469 apud
863 3406 960 3470 quem
981 3386 1090 3467 alium,
1107 3387 1170 3452 nisi
1191 3388 1276 3472 apud

34 3503 40 3516 ·
136 3489 324 3572 scriptorem
346 3491 526 3558 Romanum
548 3491 752 3577 legeremus?
795 3494 883 3559 Idem
906 3495 1047 3579 quadrat
1064 3495 1098 3560 in
1108 3495 1209 3578 XXX,
1225 3501 1276 3580 33,

141 3599 170 3675 2,
184 3596 240 3661 ubi
262 3597 396 3664 dicitur:
442 3599 609 3682 „Laelium
631 3637 672 3650 -
696 3605 786 3688 cujus
809 3611 886 3669 ante
908 3604 1017 3688 legati,
1029 3624 1068 3670 eo
1078 3625 1162 3670 anno
1179 3626 1276 3689 quae·

37 3735 41 3748 ·
136 3703 231 3769 storin
242 3711 334 3772 extra
345 3713 467 3773 sortem
481 3729 521 3774 ex
531 3715 662 3776 senatus
670 3711 817 3777 consulto
825 3711 979 3778 utebatur
989 3711 1276 3797 auxilio-Scipio

137 3812 285 3895 opposuit
297 3818 327 3894 ;“
361 3827 446 3899 quae
469 3817 541 3900 quis
564 3823 631 3883 tam
652 3824 806 3885 accurate
828 3826 1023 3902 exponeret,
1051 3819 1116 3885 nisi
1139 3819 1279 3905 scriptor

37 3951 41 3984 l
135 3918 324 3987 Romanus?
367 3921 510 4005 Accedit,
534 3925 620 4009 quod
642 3928 773 3992 nomina
795 3927 960 4011 regionum
982 3927 1277 4012 etlocorumsaepe

38 4059 41 4089 l
136 4049 196 4096 666
218 4029 300 4096 talia
320 4029 437 4114 habet,
461 4034 570 4120 quella
591 4035 822 4120 apudincclas
846 4056 916 4102 esse
949 4034 1122 4116 debebant,
1156 4036 1213 4102 sed
1242 4037 1276 4103 in

36 4169 39 4182 ·
137 4134 270 4207 formam
291 4137 427 4208 letiuam
449 4142 591 4210 redacta.
637 4143 690 4210 Sic
710 4143 824 4227 XXVI,
847 4149 899 4226 44,
923 4145 1100 4210 6666666166
1113 4143 1275 4230 Mercurii,
1395 4132 1396 4221 l
