2842 4642
719 67 765 131 il)

255 237 285 300 2.
329 233 476 317 Fabium,
499 235 666 322 aequalem
695 235 790 322 hujus
813 233 900 316 belli,
921 255 974 302 res
993 255 1058 301 non
1077 239 1145 300 tam
1159 255 1307 319 pervorse
1371 190 1372 227 ἐ

170 359 340 424 exponere,
363 361 466 427 neque
488 347 557 408 tom
578 344 683 410 varius
707 341 926 428 conglutinare
947 342 1309 427 potuisse,quomapud
1371 414 1372 429 ,

169 445 295 514 Livium
317 445 439 516 motum
461 449 649 516 invenimus.
695 450 811 537 (Peter'
829 471 861 533 p.
885 449 954 538 56.)
1322 464 1325 467 “
1371 434 1372 439 ¹

258 557 288 620 8.
332 575 416 640 quse
437 555 559 624 Fabius
581 562 666 624 teste
692 557 830 644 Polybio
848 557 915 640 III,
944 561 980 639 8,
1007 561 1023 624 1
1047 557 1088 624 de
1109 577 1207 643 regno
1229 556 1306 627 liar-

168 659 313 730 oiderum
344 662 488 746 dixerut,
520 683 542 730 a
567 664 658 732 Livio
689 686 824 749 prorsus
854 665 962 732 aliena
989 671 1083 747 sunt,
1114 662 1309 751 quamquam

169 767 212 837 ad
234 775 338 838 totum
363 769 482 840 bellum
506 771 725 838 enarrandum
747 773 862 839 summi
882 775 1038 840 momenti
1054 773 1218 840 debebant
1228 793 1307 838 ease.

170 875 276 956 (Peter
298 897 330 960 p.
349 863 421 964 57.)
465 877 590 946 Contra
621 877 731 946 Livius
762 881 950 966 saepissime
978 881 1015 950 L.
1042 880 1185 948 Coelium
1217 883 1308 948 Anti·

169 989 298 1067 petrum
321 983 416 1052 offert
437 985 505 1073 (eir.
528 1007 559 1072 p.
585 991 651 1076 78),
675 992 765 1073 cujus
786 988 976 1074 fragmentis
1006 1011 1078 1055 oum
1099 989 1190 1056 Livio
1224 1010 1309 1056 com·

166 1090 288 1170 paratis
310 1089 443 1158 Pelorus
465 1089 678 1159 demonstrari
700 1098 804 1176 putat,
827 1099 959 1178 praeter
980 1094 1147 1181 Polybium
1170 1096 1308 1174 maxime

166 1196 202 1262 L.
226 1195 334 1264 Coelio
355 1197 531 1283 Antipatro
554 1199 642 1267 fonte
664 1200 790 1269 Livium
810 1225 904 1269 usum
928 1224 1008 1270 esse.
1031 1239 1074 1252 -·

252 1304 316 1370 Sed
350 1327 422 1372 oum
460 1328 519 1374 nos
553 1308 895 1391 demonstraverimus,
927 1329 1127 1377 communem
1164 1307 1246 1374 Livii
1275 1313 1308 1373 et

170 1411 294 1499 Polybii
324 1411 445 1482 iontem
467 1435 526 1499 per
551 1422 626 1500 part
627 1416 834 1499 esquasdam
845 1416 918 1482 libr
957 1416 1196 1486 XXVI-XXX
1224 1415 1305 1482 Livii
1371 1436 1372 1485 l

169 1521 383 1604 continuari,
373 1543 407 1588 m
420 1528 533 1608 aperto
556 1529 615 1606 est,
639 1524 668 1590 si
688 1523 824 1592 Peterus
845 1546 945 1594 unum
966 1525 1073 1608 locum
1090 1547 1130 1593 ex
1144 1524 1194 1592 his
1211 1545 1306 1609 ospp
1332 1492 1373 1597 i

165 1628 207 1698 ad
245 1628 387 1698 Coelium
420 1637 493 1715 pert
493 1631 582 1698 inere
611 1631 861 1716 demonstravit,
894 1639 999 1703 totam
1028 1653 1157 1720 quoque
1192 1653 1305 1700 narra·
1371 1630 1373 1719 ξ

166 1738 288 1805 tionem
310 1738 352 1804 ad
375 1759 448 1804 eum
470 1738 669 1806 referendam
691 1762 772 1807 esse.
816 1740 868 1807 Ne
889 1741 988 1826 igitur
1009 1742 1102 1807 desa
1116 1740 1307 1824 quaestione
1371 1800 1373 1811 .

165 1845 329 1930 dicemus,
357 1851 465 1912 utrum
488 1844 523 1918 Ο.
546 1847 606 1916 Pet
591 1853 641 1916 ter
659 1847 820 1934 jursss)
810 1871 845 1916 ru
876 1849 970 1919 libris
998 1849 1068 1916 Lis.
1095 1847 1307 1916 XXI-xxii
1371 1893 1373 1913 2

164 1953 305 2027 Fabium.
322 1960 512 2039 usurpatum
534 1977 606 2024 esse
628 1957 804 2042 negaverit,
826 1979 949 2040 neone,
979 1958 1160 2042 relegamus
1181 1977 1241 2024 nos
1260 1955 1306 2024 nd

165 2065 362 2147 posteriores
381 2063 493 2136 libros
522 2069 622 2151 atque
654 2065 757 2154 ipsius
778 2064 882 2132 Coelii
901 2065 1082 2150 fragmenta
1112 2071 1307 2152 spectemus.

164 2170 271 2256 Atque
293 2171 333 2241 de
349 2171 391 2238 iis
413 2171 543 2256 quidem
555 2172 754 2256 fragmentis,
771 2190 857 2257 quae
872 2171 997 2242 sonis.
1010 2172 1083 2241 libr..
1093 2170 1308 2239 XXI-XXII

164 2277 336 2352 referenda
364 2284 457 2359 sunt,
479 2279 649 2348 dicendum
672 2287 739 2362 est,
769 2301 809 2349 ea
842 2281 950 2366 omnia
982 2279 1122 2349 fabellas.
1147 2279 1336 2377 quasdam·

163 2387 342 2468 continere,
366 2405 467 2472 quae,
489 2387 608 2458 iterum
630 2408 668 2456 se
689 2389 817 2472 saepius
840 2389 1013 2472 repetitae,
1043 2388 1129 2456 omui
1159 2392 1306 2471 tempore

164 2495 257 2579 qussi
272 2500 392 2584 sertam
409 2495 571 2579 quandum
595 2496 733 2564 formam
752 2496 902 2578 induunt,
923 2497 959 2563 in
979 2496 1153 2575 luminibus
1166 2496 1307 2563 maxime

167 2622 251 2688 quoe
272 2603 423 2674 dicuntur
446 2604 613 2684 orationis,
635 2604 710 2670 hine
727 2605 827 2688 igitur
846 2610 974 2670 eertum.
990 2604 1210 2686 testimoninm
1239 2624 1309 2669 non
1370 2604 1372 2615 ⁴

163 2711 243 2786 satis
272 2711 366 2782 fsoils
395 2712 498 2795 repeti
526 2711 656 2796 poterit.
692 2711 754 2779 eir.
772 2711 880 2787 Peter.
923 2712 945 2778 l.
968 2711 1045 2797 lp.
1070 2716 1208 2778 'iil-80.

171 2883 175 2890 ι
249 2839 311 2907 Sed
340 2840 422 2907 haee
455 2839 692 2925 praeterendo,
729 2839 770 2906 ad
803 2841 1002 2926 posteriores
1035 2839 1138 2907 libros
1165 2839 1307 2925 pertinet

164 2949 266 3016 Goelii
287 2949 360 3015 libr.
384 2949 459 3031 VH,
481 2949 541 3034 lrg.
564 2953 606 3014 28
628 2949 700 3036 (eir.
722 2948 760 3015 Ο.
783 2949 925 3018 Meltzer.
943 2949 985 3016 <ie
1014 2949 1051 3016 L.
1080 2948 1191 3015 Coelio
1213 2949 1307 3014 Anti·

160 3063 255 3141 patro
288 3055 364 3123 belli
401 3058 510 3140 punici
532 3057 664 3124 secundi
698 3058 866 3144 scriptore.
896 3081 929 3143 p.
957 3058 1025 3142 at.)
1055 3056 1141 3141 apud
1163 3056 1305 3120 Nonium

161 3164 202 3233 Il.
226 3187 257 3248 p.
292 3167 346 3228 89:
376 3165 475 3248 „lpse
506 3167 591 3250 repis
620 3168 743 3234 eminus
767 3187 846 3251 equo
885 3168 965 3249 serit
989 3171 1104 3248 peetus
1125 3164 1305 3244 memsam,

162 3273 370 3356 oonpenuolat
385 3294 575 3356 pereussos,
600 3276 715 3358 dejecit
736 3276 986 3341 dominent.“-
1007 3274 1050 3339 Irl
1075 3272 1156 3337 Livii
1184 3270 1306 3337 deeade

161 3381 259 3446 tertia
282 3379 395 3448 eadem
416 3403 469 3450 res
491 3382 531 3448 de
553 3382 678 3449 duobus
701 3383 832 3467 regibus
857 3381 1001 3447 affertur.
1044 3379 1181 3462 XXVII,
1206 3383 1258 3456 88,
1285 3384 1306 3444 s

163 3487 203 3552 de
225 3487 391 3572 Philippo:
421 3489 491 3555 »Ibi
514 3510 613 3576 equus
645 3489 710 3574 pilo
738 3493 894 3574 trajectus
926 3509 998 3554 oum
1024 3488 1210 3571 prolapsum
1244 3507 1306 3570 per
1332 3496 1335 3504 '

162 3598 260 3678 caput
281 3616 389 3680 regem
412 3595 579 3662 effudisset
601 3602 689 3678 et03«
710 3601 810 3681 atque
831 3595 930 3677 XXX,
958 3599 1053 3676 12,1:
1078 3595 1147 3660 »Ibi
1159 3593 1303 3679 Syphax,

161 3702 238 3767 dum
273 3701 442 3787 obequitat
472 3701 612 3772 hostium
645 3704 761 3770 turmis
785 3752 1021 3768 ........
1046 3722 1129 3790 equo
1161 3702 1306 3788 graviter

233 4052 278 4124 42)
298 4052 353 4108 Gir.
382 4068 450 4122 quae
468 4051 565 4106 Petere
594 4051 721 4122 opposuit
744 4053 782 4112 M.
799 4052 952 4111 Bnohholr:
978 4055 1075 4125 quibus
1098 4054 1218 4109 fontibus
1240 4055 1305 4111 Plu-

161 4143 272 4199 tarobus
289 4143 318 4197 in
335 4145 397 4199 vitis
415 4143 495 4199 Fabii
513 4143 624 4198 Maximi
633 4149 660 4200 et
671 4146 793 4202 Marcelli
804 4164 868 4203 usus
880 4149 925 4205 sit.
945 4149 1058 4204 Dissert.
1069 4148 1160 4218 inaug.
1181 4147 1304 4219 Gryphs-

161 4233 239 4288 weld.
269 4237 354 4292 ,1885Ι
372 4253 400 4306 p.
421 4239 461 4291 1οι
479 4235 508 4290 ff.
