2842 4642
165 165 255 234 ionte
276 165 356 234 oriri
377 186 442 234 non
464 168 618 253 potuisse,
641 190 737 254 quem
761 169 869 236 Livius
898 159 1005 236 totum
1028 168 1216 256 descripsit,
1243 172 1307 239 Pc-

163 273 269 360 lybius
291 275 440 343 correxit.

251 380 344 460 Quod
366 403 430 470 qno
453 383 555 467 magis
578 382 610 448 in
634 387 748 466 aperto
770 383 823 464 sit,
845 382 1001 448 nonnulla
1022 382 1304 470 afferamus,quae

164 489 254 574 apud
276 489 401 556 Livium
428 489 557 575 quidem
585 490 758 575 leguntur,
789 496 823 557 et
850 511 923 557 cum
952 495 1087 574 propter
1108 493 1306 576 paucitatem

166 594 419 682 fragmentorum
449 618 522 662 oum
542 596 678 684 Polybio
712 618 779 664 uon
800 598 926 683 possint
947 597 1105 680 conferri,
1129 605 1239 666 tamen
1261 601 1304 667 ab

166 724 205 769 co
227 703 332 770 abeno
354 703 501 787 putanda
523 708 613 785 aunt,
643 709 778 788 propter
799 707 1000 789 pragmatiae
1023 707 1183 772 rationem
1206 706 1306 773 bisto-

164 811 273 877 nioarn.
329 810 384 877 Sic
414 810 483 877 Lir.
512 809 668 891 XXVIH,
703 815 743 877 21
767 818 899 892 narrat,
929 812 1128 879 amilitibus
1150 813 1305 881 Romanis

164 917 258 985 ludos
301 917 512 1005 gladiatorios
540 939 611 985 esse
641 919 765 1000 editos,
795 939 834 985 ac
873 918 1024 985 fabellam
1057 919 1098 986 de
1131 923 1306 986 certamine

165 1025 280 1093 Corbis
303 1032 337 1093 et
367 1025 505 1108 Orsuae,
533 1025 669 1092 fratrum
691 1025 905 1114 patruelium,
935 1026 1059 1092 inserit.
1106 1026 1195 1105 Quae
1217 1028 1305 1112 apud

139 1129 141 1134 ’
164 1132 350 1220 Polybium,
381 1134 415 1198 ni
445 1132 558 1215 fallor,
589 1154 691 1218 aeque
713 1153 779 1199 non
800 1131 1000 1218 legebantur,
1024 1154 1063 1199 ac
1084 1155 1169 1217 quae
1190 1135 1304 1217 XXVI,

166 1247 226 1325 48;
247 1240 369 1323 XXVI,
392 1245 449 1322 503
472 1240 610 1322 XXVII,
638 1245 676 1306 19
707 1261 729 1307 a
751 1240 841 1306 Livio
862 1224 983 1318 allata,
1004 1241 1171 1326 aPolybio
1187 1243 1306 1310 omissa

164 1355 251 1416 sunt.
265 1385 309 1396 -·
330 1346 516 1425 LXXVIII,
540 1350 669 1413 36-38
686 1353 721 1414 et
734 1352 776 1412 46
793 1346 955 1431 expeditio
968 1347 1114 1432 Magonis
1130 1350 1165 1414 in
1187 1349 1304 1416 Balea-

163 1478 216 1524 res
237 1462 272 1522 et
290 1457 325 1522 in
345 1455 480 1540 Ligures
501 1461 670 1538 narratur3
693 1476 778 1540 quae
798 1455 885 1539 apud
905 1454 1073 1540 Polybium
1085 1456 1215 1541 quidem
1235 1459 1304 1523 sine

164 1564 263 1632 dubio
286 1549 368 1646 erat,
391 1563 449 1630 sed
470 1563 524 1629 vix
544 1569 638 1630 tanta
660 1585 732 1630 cum
755 1585 836 1630 cura
856 1584 909 1629 res
930 1565 981 1630 vel
994 1565 1142 1631 minimas
1155 1566 1305 1632 attulisse

164 1671 328 1758 putandus
360 1677 429 1753 est,
460 1672 545 1738 sicut
566 1672 664 1737 etiam
692 1671 728 1737 Ρ.
751 1672 816 1751 ΠΙ,
845 1673 886 1737 76
915 1671 1055 1738 minores
1083 1673 1303 1756 expeditiones

163 1779 448 1850 omisit-Etiam
463 1800 545 1865 quae
556 1779 592 1844 L.
605 1779 721 1858 XXIX,
748 1783 777 1860 1,
794 1783 909 1860 19-3,
928 1783 946 1842 6
963 1778 1004 1843 de
1016 1778 1114 1845 rebus
1125 1779 1303 1865 Hispaniae

165 1895 241 1976 post
261 1888 441 1975 Scipionem
464 1887 588 1954 tradita
609 1893 696 1968 sunt,
719 1887 747 1952 si
768 1885 856 1970 apud
879 1885 1046 1970 Polybium
1067 1892 1180 1968 erant,
1212 1894 1301 1955 certe

164 2018 229 2065 non
251 1996 422 2078 hocloco,
452 2017 558 2082 nequo
589 2001 657 2062 tam
679 2000 831 2061 accurato
862 1995 1041 2078 perscripta
1064 2001 1177 2077 erant,
1200 2018 1242 2063 no
1263 1996 1305 2063 de

163 2127 202 2173 eo
225 2105 339 2186 diam,
363 2103 449 2190 quod
472 2105 506 2170 in
527 2103 577 2169 his
600 2103 761 2188 capitibus
781 2101 884 2168 multa
904 2103 1026 2184 insunt,
1045 2123 1164 2187 quasa
1185 2125 1307 2189 genere

162 2211 792 2299 narrandiPolybiiprorsuaabhorrent.
816 2210 906 2289 Quae
915 2211 948 2276 in
956 2209 1013 2275 lib.
1021 2209 1175 2292 XXVIII,
1202 2216 1251 2294 15,
1266 2217 1305 2278 14

162 2361 207 2374 -
233 2327 271 2387 16
292 2321 379 2405 apud
401 2320 525 2386 Livium
548 2317 589 2386 de
610 2320 804 2387 transitione
826 2319 973 2400 Attenia,
996 2320 1081 2403 rogia
1103 2319 1302 2387 Turdetano-

164 2452 255 2512 rum,
277 2433 466 2508 narrantur,
502 2427 649 2494 omisisse
670 2433 751 2510 puto
772 2425 957 2511 Polybium,
980 2426 1064 2492 sicut
1084 2425 1302 2509 Aluccionem,

164 2536 399 2606 Celtiberorum
429 2555 548 2620 regem,
573 2554 595 2600 a
622 2534 690 2601 Liv.
714 2533 835 2616 XXVI,
866 2537 1215 2602 recommendatum
1236 2557 1302 2601 non

161 2645 347 2713 nominavit
390 2641 479 2710 Idem
509 2641 652 2727 quadrat
680 2643 715 2708 in
748 2640 979 2718 Cerdubelum‚
1012 2643 1067 2727 qui
1091 2641 1297 2710 Certulonem

160 2750 271 2836 prodit
291 2750 330 2815 n.
351 2747 487 2814 xxvm
508 2751 561 2829 ao,
585 2753 703 2814 a-rn.

248 2855 549 2941 Contemplautibua
582 2862 690 2922 autem
723 2856 839 2938 nobie,
871 2857 1025 2942 quidnam
1059 2860 1103 2925 sit
1134 2860 1302 2944 proprium

162 2966 343 3033 narrationi
364 2964 518 3031 Livianae
548 2968 582 3029 et
613 2965 774 3049 quomodo
802 2987 873 3032 sese
907 2966 1065 3046 habeant,
1097 2988 1183 3053 quae
1214 2966 1302 3052 apud

161 3079 332 3157 utrumque
354 3072 544 3157 scriptorem
566 3072 748 3138 communia
767 3071 926 3156 legantur,
940 3074 1136 3156 apparatio
1151 3076 1301 3142 omnibus

160 3181 225 3248 illis
247 3180 405 3265 Scipionis
428 3178 687 3264 expeditionibus
715 3179 885 3245 narrandis
906 3179 1060 3247 nonnulla
1081 3182 1196 3263 inesse,
1217 3204 1302 3267 quae

123 3272 126 3276 ⁵
160 3282 1020 3369 inuncquoqoebiriilibroaXXVI-XXVIIIeodem
1031 3286 1300 3354 modoinvcnian·

160 3399 224 3460 tur.
268 3394 315 3458 Ao
345 3392 485 3476 primurn
514 3391 643 3477 quidem
673 3385 897 3477 quodcumque
930 3391 971 3458 de
1003 3392 1101 3460 rebus
1122 3393 1300 3481 Hispaniae

160 3509 194 3567 et
215 3498 345 3566 Africae
366 3505 532 3580 comatur,
562 3497 708 3566 abundat
739 3499 922 3566 nominibus
953 3501 1136 3586 rep'onum,
1159 3503 1298 3588 urbium,

159 3629 280 3693 regum,
303 3606 483 3690 fluviorum,
505 3608 553 3674 ita
574 3615 612 3674 ut
634 3629 698 3675 non
720 3608 816 3697 modo
838 3607 1002 3694 evulgari
1032 3611 1196 3678 annalium
1219 3615 1299 3680 rati·

158 3738 221 3784 one
242 3715 427 3797 abhorreat,
459 3715 514 3783 aed
538 3716 641 3784 multa
662 3715 797 3798 afferat,
819 3737 906 3801 quae
927 3737 968 3783 ne
988 3717 1143 3804 Polybius
1165 3722 1295 3805 quidem

157 3824 268 3894 babet.
313 3823 377 3890 Sed
402 3824 430 3890 si
450 3830 661 3909 reputamus,
692 3831 851 3909 quantum
884 3825 1028 3892 studium
1048 3827 1106 3894 ills
1133 3829 1167 3894 in
1190 3835 1298 3898 terras

155 3930 375 4017 peragrandas
408 3931 639 4015 regionumque
679 3932 763 3998 sitne
805 3933 1079 4015 recognoscendos
1124 3935 1297 4003 contulerit
1410 4010 1411 4015 ἵ

157 4037 659 4126 (tr.1³.111,4e,1a.111‚5a,
689 4045 720 4104 r.
775 4037 1296 4127 Pliniusvl,1cliaI,quam
1410 4030 1411 4049 ¹

157 4169 253 4234 saepo
277 4147 312 4214 in
334 4167 411 4214 suaa
433 4149 551 4215 aetatis
575 4147 749 4234 scriptores
771 4131 954 4230 inv-ebdffi,
977 4148 1063 4232 quod
1086 4153 1156 4236 ejus
1169 4151 1295 4218 reiom·
