2842 4642
656 25 698 90 68

101 165 243 234 inomni
264 164 475 234 historiarum
507 169 602 251 parte
623 169 675 234 tot
696 166 862 253 tantisque
894 165 980 234 uitiis
1001 164 1139 247 luberet,
1163 163 1238 250 (cfr.
1274 247 1285 260 Κ

100 273 222 360 Bujach
243 294 275 358 p.
300 276 351 340 24.
374 293 448 350 aun.
474 272 508 360 3)
532 277 569 340 ut
590 272 710 340 bellum
740 273 894 340 Punicum
924 273 1099 343 secundum
1130 272 1171 340 ab
1202 293 1240 340 66

99 402 139 450 ex
160 381 245 448 bono
268 385 381 470 autore
403 401 468 448 non
490 382 643 450 haustum
665 402 737 450 esse
758 387 928 468 appareat.

186 489 250 557 Sed
271 489 352 556 haec
379 489 553 572 haetenus;
582 511 778 578 quamquam
809 488 963 558 nonnulla
995 489 1071 556 addi
1094 493 1239 574 possunt.

98 599 137 666 Id
157 605 245 666 certe
274 604 428 684 apparet,
460 599 602 666 Silenum
631 621 736 686 neque
770 600 897 686 Polybii
925 619 1030 685 neque
1054 597 1137 666 Livii
1170 618 1240 667 esse

97 709 236 788 lentem,
267 705 355 792 quod
387 705 474 793 apud
503 707 628 774 Livium
649 711 719 794 jam
741 708 817 775 inde
839 708 1002 795 seqnitur,
1031 707 1118 794 qued
1144 706 1179 773 in
1199 704 1240 774 iis

98 814 255 904 partibus,
279 815 319 882 (16
342 815 460 901 quibus
482 836 541 882 nos
564 815 705 900 agimus,
728 837 834 902 neque
854 816 954 886 verba
981 836 1087 902 nequa
1111 820 1240 881 senlen-

97 924 163 992 tiae
194 943 329 1009 graecae
356 923 574 992 inveniuntur.
622 923 679 989 cfr.
711 924 860 1007 Nitzsch,
882 925 917 990 in
945 944 1056 992 museo
1086 922 1240 990 rhenano.

98 1031 208 1100 XXIII
228 1054 260 1118 p.
284 1035 358 1099 605.

186 1141 260 1208 Jam
292 1141 391 1226 igitur
419 1146 539 1223 restat,
573 1146 611 1208 ut
644 1141 684 1207 de
713 1140 868 1208 Nitzschii
897 1141 1057 1207 sententia
1086 1140 1239 1222 dicamus,

99 1271 197 1336 quam
219 1249 274 1316 ille
297 1250 482 1335 nuperrime
504 1251 538 1316 in
560 1269 671 1318 museo
685 1249 829 1316 rhenano
844 1249 961 1332 XXIII,
980 1271 1013 1334 p.
1030 1253 1093 1315 603
1105 1270 1153 1333 sq.
1165 1268 1240 1334 pro·

98 1359 224 1446 posuit,
247 1379 442 1444 quamquam
464 1358 569 1425 omnia
596 1357 803 1425 adumbravit
831 1359 952 1448 magis,
983 1379 1080 1442 quum
1106 1357 1240 1423 demon·

97 1468 223 1536 stravit.
269 1467 377 1552 Negat
399 1467 499 1552 igitur
521 1466 688 1534 nobiscum
699 1467 794 1534 home
805 1467 1030 1548 doctissimus,
1051 1465 1195 1533 Coelium
1205 1466 1239 1532 in

99 1576 331 1663 posterioribus
364 1576 494 1644 decadis
514 1577 631 1643 tertiae
651 1575 800 1662 partibus
822 1597 892 1643 esse
913 1576 997 1642 Livii
1014 1575 1152 1658 iontem3
1182 1571 1240 1640 sed

98 1686 185 1768 dicii,
207 1686 332 1754 Liuium
353 1687 388 1752 in
408 1685 459 1752 his
481 1684 573 1752 libris
596 1686 698 1752 multa
721 1705 761 1752 ex
782 1685 912 1751 Valerio
934 1684 1067 1751 Antiate
1087 1683 1239 1768 desump-

97 1795 199 1874 sisse;
221 1816 412 1862 consensum
434 1814 511 1862 vero
533 1792 616 1864 Livii
638 1801 670 1862 ct
692 1792 819 1880 Polybii
840 1793 916 1875 inde
934 1798 1041 1860 ortum
1054 1813 1134 1874 esse,
1152 1791 1240 1877 quod

97 1903 244 1970 Valerius
265 1902 391 1990 Polybii
413 1905 629 1989 pragmaticum
648 1908 778 1984 secutus
806 1902 860 1970 eit.
912 1900 1015 1980 Quam
1046 1890 1240 1969 seutentiam

97 2032 136 2080 eo
162 2012 355 2094 confirmari,
375 2012 466 2098 «qnod
488 2013 522 2079 in
543 2011 703 2080 nonnullis
724 2011 803 2078 locis
827 2009 1085 2097 expeditionisin
1097 2007 1241 2078 Africam

98 2121 246 2204 maxime,
267 2125 342 2206 post
364 2124 550 2188 enarratum
571 2120 732 2204 proelium
752 2117 885 2204 aliquod
908 2123 1006 2202 capta
1020 2117 1112 2202 signa
1129 2135 1240 2183 receu-

98 2235 241 2311 seantur,
264 2247 348 2313 quae
369 2229 488 2296 afferre
510 2227 605 2295 unius
627 2227 750 2294 Valerii
771 2227 872 2293 moris
893 2225 1000 2292 fuerit.
1022 2263 1067 2274 -

185 2335 250 2403 Sed
271 2336 367 2404 liceat
388 2335 493 2420 nohis,
512 2336 624 2422 paullo
646 2336 742 2402 aliter
763 2334 804 2402 de
825 2334 876 2400 his
896 2332 994 2401 rebus
1015 2333 1148 2401 sentire.
1190 2333 1239 2400 Ac

97 2445 237 2530 primum
266 2445 416 2530 quidem,
449 2465 521 2512 cum
542 2445 725 2524 Nitzschius
747 2464 812 2513 uon
835 2442 916 2511 sotis
937 2441 1076 2522 indicet,
1105 2441 1238 2528 quibus·

95 2573 170 2620 nam
179 2551 314 2620 inlibris
331 2558 364 2620 et
377 2553 456 2620 locis
471 2551 554 2618 Livii
565 2551 730 2620 Valerium
742 2558 932 2637 usurpatum
942 2556 1047 2634 putet,
1059 2551 1102 2639 (si
1114 2572 1148 2635 p.
1162 2555 1236 2632 606,

96 2683 170 2729 ann.
203 2667 222 2728 9
252 2669 392 2748 spectes,
424 2681 497 2728 eum
526 2660 653 2728 alibro
684 2660 796 2731 XXIII
823 2661 966 2744 incipere
988 2657 1145 2746 opineris)
1173 2655 1233 2722 sed

95 2772 128 2840 in
141 2769 373 2838 universnmde
385 2768 635 2854 »posterioribus
646 2767 759 2838 libris«
782 2774 917 2853 6310,-
931 2777 992 2834 nos
1010 2787 1108 2836 cansa
1117 2766 1237 2834 extrin-

96 2899 188 2951 secus
209 2878 321 2964 petita,
342 2897 366 2944 a
386 2877 470 2946 libre
491 2876 579 2946 XXV
603 2876 756 2946 decadem
778 2875 969 2942 dividamus.
981 2913 1026 2926 -
1039 2875 1125 2942 Dicit
1134 2875 1234 2961 igitur

97 2987 281 3056 Nitzechius
302 3007 335 3071 p.
369 2990 433 3052 604
461 2988 497 3054 in
528 2985 760 3072 posterioribus
793 2985 887 3053 libris
912 2985 1078 3052 Valerium
1111 2984 1239 3070 saepius

97 3093 276 3174 nominari,
298 3093 407 3162 rarius
437 3093 519 3160 alios
542 3094 728 3180 scriptores.
770 3095 879 3178 Atque
908 3093 942 3159 in
964 3093 1150 3158 universum
1169 3091 1240 3176 qui·

98 3200 171 3268 dem
194 3200 341 3269 Valerius
362 3202 397 3267 in
419 3201 540 3268 decade
562 3202 661 3268 tertia
683 3201 803 3286 septies
817 3200 963 3267 affertur.
998 3197 1098 3280 XXV,
1122 3201 1238 3278 39,14.

98 3305 215 3389 XXVI,
239 3309 292 3389 40,
317 3310 412 3388 3-4,
455 3305 599 3388 XXVIII,
623 3310 675 3390 46,
702 3310 752 3371 14.
772 3304 891 3386 XXIX,
913 3308 965 3385 35,
987 3307 1017 3368 2.
1040 3295 1141 3382 XXX,
1161 3303 1191 3382 3,
1208 3304 1238 3367 6.

95 3412 203 3496 XXX,
230 3418 286 3495 19,
310 3417 362 3480 ll.
384 3413 483 3496 XXX,
507 3417 567 3496 29,
590 3417 626 3496 6;
651 3412 780 3482 Coelius
801 3412 978 3498 Antipater
998 3414 1109 3475 autem
1129 3409 1240 3476 novies

98 3517 253 3586 effertur:
274 3517 363 3598 XXI,
386 3523 438 3600 38,
462 3523 496 3602 6;
518 3518 604 3602 XXI,
626 3523 679 3600 46,
706 3522 756 3585 10.
777 3519 863 3600 XXI,
886 3523 941 3599 47,
963 3521 993 3582 4.
1015 3516 1120 3597 XXII,
1136 3516 1188 3595 31,
1208 3516 1240 3579 8.

18 3717 20 3721 Δ
97 3625 462 3710 xx111‚6,s.xxv1,
489 3625 859 3710 11,10.xxvn1,4e‚
885 3622 1158 3714 14.XX1X,27,
1185 3625 1248 3704 rs,

99 3734 221 3820 XXIX,
247 3739 305 3818 35,
328 3739 358 3802 2.
403 3734 468 3802 Sed
488 3735 524 3802 in
557 3733 640 3800 libro
672 3733 762 3800 XXX
783 3731 934 3799 Valerius
967 3738 1019 3798 ter
1046 3729 1241 3806 nominatur,

99 3845 228 3912 Coelius
249 3863 432 3932 nunquam
454 3843 619 3912 uideamus
641 3841 750 3928 igitur,
773 3841 884 3929 qualia
905 3839 982 3922 sint,
1005 3859 1090 3925 quae
1112 3859 1154 3905 ex
1174 3834 1240 3902 Va-

97 3953 176 4020 lerio
204 3957 371 4020 mutuatus
405 3957 465 4018 est.
520 3950 587 4018 Liv.
616 3949 729 4032 XXX,
764 3954 801 4032 3,
824 3953 855 4016 6.
879 3949 995 4016 Antias
1017 3947 1111 4028 dicit,
1135 3946 1242 4029 ipsum
1309 3988 1313 3993 ·

28 4138 31 4145 Ι
99 4057 276 4144 Syphacem
297 4059 331 4124 in
354 4063 462 4126 castm
484 4057 642 4144 Scipionis
663 4057 807 4139 venisse,
832 4056 920 4142 quod
946 4053 1148 4122 mendacium
1170 4069 1242 4116 esso

100 4183 193 4230 nemo
215 4170 325 4248 negat3
348 4164 446 4246 XXX,
472 4170 521 4250 19,
547 4168 584 4232 ll
607 4165 694 4232 idem
716 4170 840 4246 narrat,
863 4165 897 4229 in
909 4183 1009 4248 perro
1020 4159 1143 4246 proelio
1155 4160 1242 4224 5000
