2842 4642
701 67 742 130 21

151 271 318 354 pugnant,
341 265 428 351 quod
449 264 519 332 Pol.
541 285 605 333 non
628 263 739 333 habet.
783 261 821 331 L.
843 281 870 330 c.
896 264 955 345 13,
980 266 999 328 5
1022 261 1128 348 Scipio
1150 264 1192 331 ad
1213 224 1294 332 liae-

151 376 257 443 culam
279 373 392 441 urbem
414 372 556 440 traditur
577 392 767 458 progressus
791 389 872 452 esse,
896 391 981 455 quae
1004 391 1068 437 non
1091 371 1228 438 multum
1251 373 1296 439 ab

151 482 232 549 urbe
254 480 357 565 Silpia
379 477 518 569 (Ἲλίπα)
541 479 669 546 videtur
691 479 836 558 distare;
857 478 916 544 sed
937 477 1091 564 Polybius
1110 477 1190 544 nihil
1205 477 1295 562 dicit,

150 589 214 656 nisi
238 587 365 668 ἐγγίσας
387 585 423 651 δὲ
446 597 511 662 τοῖς
536 585 770 672 Καρχηδονίοις
791 593 825 651 et
846 584 902 666 XI,
916 589 968 668 20,
982 591 1001 651 9
1016 590 1092 651 ante
1107 607 1204 670 quam
1217 586 1294 654 (lar-

151 694 410 781 thaginiensibus
439 693 744 780 appropinquasset,
767 691 951 775 Scipionem
972 693 1015 758 ad
1037 693 1210 760 Baeculam
1242 716 1295 760 co·

152 805 224 890 pias
253 803 461 870 contraxisse.
484 801 541 868 cir.
553 801 588 866 P.
599 801 655 866 XI.
669 805 721 882 20,
733 807 762 865 5.
787 799 860 867 Non
870 802 952 867 satis
963 808 1114 868 accurate
1125 802 1223 886 igitur
1242 803 1295 868 Li·

151 913 221 978 vius
244 912 403 997 exposuit.
446 910 559 996 Pugna
580 909 666 993 apud
690 909 804 993 Ilipam
825 908 869 974 ab
890 914 1030 994 utroque
1060 909 1173 977 eodem
1196 910 1293 978 modo

152 1019 367 1102 describitur,
409 1017 466 1084 sed
500 1017 605 1082 minus
638 1016 722 1083 bene
757 1037 777 1081 a
816 1015 927 1098 Livio,
971 1018 1027 1101 qui
1070 1017 1123 1082 bic
1167 1039 1296 1102 quoque

152 1127 307 1194 nonnulla
338 1125 437 1193 habet
466 1147 487 1192 a
516 1123 651 1210 Polybio
674 1123 798 1190 aliena:
819 1123 972 1206 XXVIII,
997 1126 1049 1202 l4,
1073 1129 1092 1189 6
1116 1125 1206 1207 dicit,
1230 1126 1296 1195 Soi-

152 1237 282 1320 pionem
302 1233 428 1320 vesperi
450 1238 608 1300 tesseram
631 1253 690 1316 per
712 1236 823 1297 castra
843 1231 979 1312 dedisse,
1001 1231 1154 1317 Polybius
1168 1233 1224 1314 XI,
1242 1239 1295 1316 22,

153 1347 190 1406 4:
212 1339 282 1424 cipri
306 1344 350 1428 τῷ
372 1344 462 1426 φωτὶ.
508 1339 576 1406 Lis.
598 1337 745 1421 XXVIII,
770 1341 861 1420 15,1
886 1340 920 1404 in
941 1341 1011 1405 acie
1032 1339 1213 1407 Poenorum
1234 1341 1295 1410 Ba·

152 1447 250 1516 liares
273 1449 432 1529 nominat,
465 1447 608 1531 dicitque
629 1468 658 1513 c.
683 1449 736 1527 15,
760 1451 779 1511 8
801 1448 940 1530 septima
962 1448 1091 1514 demum
1113 1447 1196 1515 hora
1218 1471 1295 1516 con·

153 1579 281 1624 cursum
304 1575 392 1638 esse;
424 1558 597 1640 utrumque
617 1576 682 1622 non
706 1554 805 1621 habet
826 1554 988 1640 Polybius.
1034 1556 1082 1621 Ad
1117 1540 1297 1627 extremum
1322 1580 1325 1590 ’

153 1665 249 1730 autor
268 1662 368 1742 Livii,
391 1683 461 1727 cum
486 1683 549 1728 non
573 1661 652 1728 satis
675 1666 822 1745 putaret,
845 1661 985 1728 mediam
1016 1663 1117 1728 aciem
1139 1663 1295 1731 nudatam

153 1769 314 1838 cornubus
335 1771 377 1837 ob
400 1769 433 1836 id
454 1769 559 1854 ipsum
593 1769 723 1850 cedere,
753 1769 835 1855 (Pol.
859 1769 915 1852 XI,
940 1772 994 1854 14)
1016 1769 1200 1837 addendum
1222 1792 1296 1838 cen-

154 1881 235 1964 suit,
265 1877 453 1965 elephantos
482 1877 656 1945 effrenatos
684 1878 718 1943 in
745 1878 886 1945 mediam
915 1879 1018 1945 aciem
1050 1899 1085 1946 se
1109 1879 1295 1963 contulisse,

156 1987 266 2072 ibique
287 1992 428 2072 stragem
451 1982 605 2068 edidisse,
627 1985 665 2053 L.
680 1985 826 2067 XXVIII,
851 1991 902 2068 15,
916 1991 946 2069 5,
959 1987 1045 2072 quod
1056 1985 1209 2073 Polybius
1231 2011 1297 2056 non

155 2093 262 2162 affert.
351 2107 355 2114 '

239 2202 267 2267 Α
290 2201 396 2287 capite
418 2205 460 2266 24
482 2199 559 2267 libri
580 2199 719 2267 XXVIII
741 2200 866 2268 Liviani
888 2202 1005 2269 deinde
1026 2203 1144 2269 iterum
1167 2208 1296 2270 exstant

159 2310 342 2394 fragmenta
376 2308 571 2396 Polybiana,
612 2308 806 2376 seditionem
833 2314 1015 2376 castrorum
1048 2309 1295 2378 Sucronensium

154 2409 375 2506 relerentusr‘tL
396 2417 505 2501 Atque
535 2436 608 2482 cum
637 2416 671 2481 in
710 2416 895 2482 universum
926 2421 998 2483 tota
1029 2419 1176 2486 narratio
1208 2419 1296 2503 apud

156 2531 330 2609 utrumque
352 2526 541 2608 scriptorem
563 2524 630 2590 iere
653 2524 696 2590 sit
718 2524 1199 2610 eadem,Liriuspaucahabet,
1212 2549 1296 2613 quae

155 2653 176 2700 a
197 2633 331 2720 Polybio
355 2633 563 2718 discrepant3
585 2653 626 2700 ne
648 2631 689 2699 de
711 2633 752 2698 iis
773 2635 897 2717 dicam,
915 2654 998 2720 quae
1021 2656 1042 2701 a
1062 2634 1153 2701 Livio
1175 2636 1296 2703 omissa

155 2764 229 2810 esse
251 2741 369 2827 aliquis
400 2741 506 2808 dicere
534 2742 649 2827 possit.
694 2741 837 2808 Primum
859 2743 959 2827 igitur
981 2743 1050 2811 Liv.
1072 2743 1220 2826 XXVIII,
1243 2749 1296 2828 24,

157 2855 176 2916 3
198 2850 408 2918 Mandonium
430 2857 463 2917 et
483 2849 654 2917 Indibilem
676 2849 913 2917 Lacetanorum
934 2851 1107 2936 populares
1128 2849 1229 2918 luisse
1249 2851 1297 2918 di·

156 2959 210 3040 cit,
233 2958 319 3043 quod
341 2979 406 3025 non
428 2979 538 3024 errore
559 2956 678 3024 iactum
694 2979 775 3039 esse,
790 2957 867 3024 inde
881 2967 1028 3043 apparet,
1040 2960 1126 3044 quod
1138 2959 1297 3043 XXVIlI,

156 3067 208 3146 26,
232 3070 251 3130 7
273 3065 359 3131 idem
378 3063 533 3132 Lacetani
554 3063 770 3148 appellantur.
817 3061 880 3129 Sed
905 3063 1099 3131 Mandonius
1123 3071 1157 3132 et
1177 3065 1297 3134 indibi·

130 3168 195 3235 lis
217 3189 345 3253 semper
373 3175 450 3235 aunt
469 3169 642 3253 Ilergetum
666 3189 776 3254 reges,
807 3177 848 3234 et
862 3168 948 3252 apud
971 3169 1040 3236 Pol.
1061 3169 1119 3252 X.,
1144 3173 1196 3254 18,
1221 3177 1239 3235 ‘l
1262 3175 1296 3236 et

155 3277 241 3360 apud
263 3278 330 3346 Liv.
353 3276 454 3358 XXII,
478 3279 531 3356 21,
555 3279 583 3342 8.
606 3275 722 3356 XXVI,
747 3278 832 3354 4u‚1.
876 3275 998 3353 XXIX,
1023 3281 1051 3359 1,
1077 3280 1128 3343 19.
1182 3277 1297 3363 ltaque

155 3385 309 3452 bsecras
331 3406 395 3451 non
418 3404 436 3450 e
457 3383 594 3468 Polybio
618 3389 689 3451 orta
712 3392 773 3464 est,
808 3404 866 3448 nec
890 3385 1015 3450 levitati
1041 3385 1123 3452 Livii
1148 3386 1295 3469 debetur,

156 3493 232 3576 quia
265 3491 316 3580 bis
347 3489 635 3576 111ραί111121-
670 3488 797 3556 Deinde
829 3489 1000 3574 audimus,
1030 3513 1085 3558 eos
1117 3492 1295 3562 Celtiberos

226 3669 273 3739 28)
292 3669 347 3724 Sed
364 3669 523 3740 populares,
541 3686 597 3723 non
614 3667 703 3738 reguli
722 3668 921 3724 Lacetanorum
938 3669 1078 3739 dicuntum
1101 3670 1232 3742 Ilergetes
1250 3687 1296 3727 au·

154 3767 210 3819 tem
227 3763 264 3820 ab
282 3761 333 3818 bac
351 3761 486 3820 nnuma
502 3778 559 3818 non
576 3761 658 3816 icisse
676 3761 798 3826 alienos,
823 3765 941 3832 apparet
961 3779 996 3817 ex
1013 3762 1091 3819 Liuio
1109 3759 1235 3834 XXVIII,
1252 3767 1296 3831 81,

155 3857 182 3910 3.
200 3859 245 3922 82,
262 3857 289 3910 4.
308 3857 353 3924 82,
372 3857 400 3909 9.
423 3857 467 3918 82,
491 3857 533 3908 11.
551 3857 603 3918 84,
623 3857 673 3922 12;
698 3854 838 3924 conjuncti
866 3853 1042 3910 nominantur
1063 3873 1127 3910 cum
1153 3856 1297 3912 Lacetanis

153 3963 179 4003 ο.
197 3951 243 4017 81,
261 3947 288 4002 1.
324 3945 418 4016 ltaque
434 3962 522 4015 neque
539 3963 618 4002 error
635 3945 707 4002 Livii
723 3962 812 4015 neque
829 3946 887 4016 dns
910 3945 1010 4017 cunr,
1026 3965 1108 4018 qaam
1125 3949 1298 4021 aequabatur,

153 4040 289 4098 nomadas
307 4045 363 4109 ast;
381 4039 431 4094 aad
447 4039 530 4094 ambo
548 4039 645 4110 populi
662 4038 803 4109 conjuncti
821 4037 1002 4109 desciverant,
1020 4057 1053 4096 ac
1070 4040 1198 4110 primi,ni
1208 4041 1297 4108 iallcr,

153 4131 295 4188 Iacetani.
334 4132 428 4202 Neque
458 4147 523 4187 vero
547 4130 642 4187 Livius
658 4130 786 4195 xxvm.
803 4133 837 4199 2,
854 4133 888 4196 4,
915 4133 932 4187 8
952 4131 1159 4188 dimicabam
1175 4139 1298 4205 uanrpat,

154 4245 236 4297 quam
262 4229 375 4298 postca,
394 4241 459 4281 nam
477 4241 587 4296 sempor
603 4241 667 4282 curn
684 4222 800 4293 Polybio
818 4223 964 4288 consentit,
983 4223 1030 4292 qui
1048 4225 1160 4281 nomina
1177 4225 1225 4282 illa
1242 4244 1297 4284 non
