2842 4642
697 79 740 142 49

144 251 325 338 Scipionem
347 271 439 318 arma
461 249 568 318 omnia
589 253 685 334 capta
706 248 851 317 Vulcano
863 248 1094 335 conflagrass03
1114 255 1287 335 utrumque

144 381 163 426 a
186 358 318 446 Polybio
341 359 491 426 alienum.
535 358 659 426 Deinde
681 379 767 443 quaa
788 358 888 440 XXX,
910 379 938 424 e.
962 363 1074 425 12-0.
1107 363 1146 424 15
1179 358 1220 424 de
1252 378 1286 424 a·

144 489 234 535 more
255 466 472 550 Massinissae,
495 465 535 534 de
559 470 627 552 ejus
647 467 808 551 colloquio
829 467 970 550 primam
991 488 1064 533 eum
1085 466 1204 543 Laelio,
1218 471 1289 532 tum

145 598 218 644 eum
240 575 398 661 Scipione,
420 575 461 641 de
483 579 587 643 morte
610 575 815 659 Sophonibae
837 575 1033 657 afferuntur,
1063 582 1132 642 tam
1158 594 1288 642 accura-

145 689 211 750 tam
234 690 268 751 et
292 690 473 750 castrorum
494 682 712 750 &manorum
735 688 769 749 et
788 705 896 750 rernm
917 682 1125 749 Massinissae
1147 683 1291 748 indicant

148 792 369 878 cognitionem,
381 798 419 858 ut
439 813 504 858 non
524 791 657 878 indigna
678 791 848 858 videantur
869 797 1042 872 mantare,
1060 792 1110 857 cni
1121 790 1158 856 L.
1173 789 1289 873 XXIX,

149 921 175 966 e.
200 905 251 982 29,
274 904 366 967 d-c.
391 904 431 966 33
454 899 617 966 debemus.
660 900 769 966 Etiam
792 920 876 984 quae
905 900 942 965 L.
964 899 1056 966 XXX
1077 920 1104 965 o.
1132 902 1181 982 15,
1208 903 1291 963 ll-

150 1009 191 1075 14
201 1007 241 1074 de
251 1007 371 1090 Laelio,
382 1007 578 1090 Massinissa,
588 1007 671 1091 aliis,
683 1008 776 1074 donis
787 1009 909 1074 ornatis
917 1007 1061 1094 legimns,
1073 1027 1209 1091 nequeo
1230 1007 1291 1073 Po·

148 1115 234 1206 lybie
257 1117 361 1184 solent
383 1116 501 1199 afferri,
525 1137 630 1202 neque
653 1116 752 1183 scribi
773 1121 932 1201 poterant,
956 1116 1018 1182 nisi
1039 1116 1082 1183 eb
1103 1115 1291 1182 hominene-

149 1245 222 1291 rnm
243 1223 461 1291 Romanarum
483 1225 599 1309 perito.
643 1223 680 1291 L.
702 1223 802 1307 XXX,
826 1227 878 1307 16,
905 1226 1029 1290 10-11
1054 1231 1204 1291 accurate
1225 1222 1292 1308 pri·

151 1333 330 1417 crispatis
362 1332 565 1400 condiciones
594 1353 617 1399 a
645 1332 796 1418 Scipione
828 1330 915 1399 latae
945 1340 1163 1418 exponuntur3
1195 1338 1295 1417 atque

151 1441 250 1509 etiam
270 1441 308 1508 L.
330 1441 430 1524 XXX,
455 1445 507 1524 37,
531 1446 570 1524 6,
592 1441 738 1510 indutiae
760 1463 832 1509 oum
863 1441 996 1524 Poenis,
1028 1441 1070 1507 de
1102 1440 1219 1527 quibus
1253 1461 1295 1508 ne

152 1549 308 1637 Polybius
330 1551 461 1636 quidem
482 1550 636 1636 loquitur.
681 1550 804 1617 Eodem
826 1551 1006 1636 pertineat,
1036 1570 1120 1634 quae
1149 1548 1189 1616 de
1220 1549 1295 1634 legi«

153 1657 271 1724 onibus
293 1656 533 1740 Cannensibus,
556 1661 676 1742 quarta
697 1663 732 1724 et
753 1663 860 1741 sexta,
891 1657 981 1724 dieta
1007 1662 1101 1724 erant
1122 1656 1159 1722 L.
1181 1654 1296 1738 XXIX,

153 1767 344 1848 24‚11.-

213 1859 218 1870 ⁴
242 1873 333 1941 Haec
354 1871 422 1941 lere
443 1872 632 1957 habuimus,
656 1871 804 1960 quaeda
834 1872 970 1959 singulis
991 1871 1090 1940 rebus
1119 1871 1205 1956 apud
1237 1871 1299 1938 Po·

156 1979 278 2067 lybium
300 1981 397 2048 aliter
416 2002 513 2068 quam
536 1981 625 2066 apud
645 1982 770 2049 Litium
791 1981 945 2062 narratis,
967 1980 1209 2048 dissereremus.
1249 1979 1298 2046 Ac

155 2090 293 2176 primum
315 2090 445 2176 quidem
466 2091 499 2158 id
522 2089 667 2158 dubitari
687 2110 752 2156 non
774 2095 892 2174 potest,
915 2089 994 2175 quin
1015 2090 1147 2174 utrique
1156 2109 1299 2155 eommu-

158 2197 208 2264 nis
230 2196 328 2264 luerit
348 2197 437 2279 ions,
460 2219 557 2283 quem
578 2197 705 2280 Livius,
728 2198 813 2263 sient
833 2217 968 2281 semper,
991 2196 1033 2263 ad
1056 2196 1189 2263 verbum
1210 2216 1301 2263 seeu-

156 2309 210 2371 tus
234 2310 300 2387 est,
323 2310 357 2372 et
377 2325 475 2389 quem
494 2302 647 2390 Polybius
667 2324 734 2370 non
755 2302 852 2370 modo
884 2304 918 2369 in
947 2304 1161 2388 pragmatiam
1195 2310 1301 2371 trans·

158 2411 249 2497 tulit,
272 2411 329 2478 sed
353 2411 494 2478 correxit
518 2409 782 2495 gravisdmisque
804 2409 946 2476 testibus
969 2409 1122 2478 adhibitis
1145 2413 1302 2477 auxit.—

158 2517 196 2586 In
217 2539 282 2606 quo
303 2517 620 2604 iontedijudieando
653 2537 675 2584 a
696 2517 907 2585 similitudine
928 2518 1011 2585 Livii
1033 2525 1067 2584 et
1087 2518 1213 2605 Polybii
1228 2539 1302 2604 pro·

157 2625 233 2693 lecti
255 2647 382 2709 sumum
404 2646 503 2711 quam
524 2646 597 2692 cunr
617 2625 652 2690 in
675 2623 753 2692 solis
775 2624 933 2709 Scipionis
955 2626 1214 2712 expeditionibus
1229 2647 1304 2694 nar-

158 2735 238 2804 ratis
270 2735 498 2818 invenerimus,
516 2738 585 2821 jam
607 2739 756 2820 apparet,
781 2754 846 2819 quo
856 2737 928 2820 jure
937 2734 1158 2801 dissertationi
1171 2741 1303 2804 noemae

157 2844 431 2929 inscripserimue:
476 2843 518 2910 de
568 2842 659 2910 LivIo
704 2842 863 2928 Scipionis
912 2842 1151 2927 expeditionum
1202 2843 1301 2910 fonte.

159 2945 226 3014 llas
248 2968 359 3014 omnes
386 2947 470 3013 enim
501 2947 721 3031 expeditiones
743 2946 786 3012 ad
814 2967 912 3014 unum
944 2952 1091 3014 autorem
1117 2945 1304 3014 referendas

160 3074 243 3137 esse,
266 3075 370 3141 neque
390 3056 425 3120 in
448 3053 528 3121 duas
550 3054 681 3122 veltres
702 3060 814 3140 partes
827 3075 897 3123 esse
910 3055 1118 3139 dirimendas,
1139 3055 1233 3124 nobis
1249 3055 1305 3122 de·

162 3164 392 3231 monstravisse
413 3162 567 3231 videmur.

250 3270 363 3338 Oritur
383 3271 483 3356 igitur
505 3269 611 3337 altera
632 3268 780 3355 quaestio
802 3269 1020 3337 addicendum
1035 3270 1107 3353 erit,
1131 3271 1188 3356 qui
1208 3270 1307 3339 luerit

162 3385 258 3448 autor
291 3381 357 3463 ille,
391 3378 478 3468 quod
499 3398 616 3446 nomen
636 3376 798 3461 habuerit,
821 3399 885 3463 qua
906 3384 1014 3447 aetate
1035 3378 1212 3465 scripserit.
1234 3417 1276 3430 --

251 3563 299 3630 Aa
318 3564 458 3649 primum
489 3562 618 3650 quidem
641 3582 680 3628 ea
710 3567 806 3629 arunt
834 3561 1040 3647 exponenda,
1070 3582 1153 3647 quaa
1183 3560 1238 3630 alii
1267 3560 1308 3628 de

163 3672 225 3738 hoe
260 3671 418 3756 scriptore
451 3673 665 3755 conjecerunt.
717 3667 909 3753 Nuperrime
943 3669 1042 3754 igitur
1073 3667 1109 3735 O.
1141 3668 1239 3735 Pater
1274 3669 1306 3733 in

165 3786 403 3867 programmate
425 3779 572 3846 Portensi
596 3781 680 3844 1863
715 3776 756 3844 de
789 3776 935 3845 fontibus
956 3776 1041 3845 Livii
1072 3776 1219 3862 scripsit,
1252 3776 1308 3862 qui

166 3889 359 3958 seutentiam
392 3889 539 3972 sequitur
568 3886 669 3954 hanc:
692 3885 801 3952 Livius
827 3886 861 3952 in
893 3885 980 3953 bello
1011 3885 1128 3970 punico
1166 3883 1307 3952 secundo

164 3997 257 4064 Fabii
281 3995 419 4062 Pictoris
440 3993 622 4076 annalibus,
645 3998 683 4059 ut
704 3992 792 4059 Ionte
814 3992 993 4078 principali,
1016 4014 1079 4061 non
1101 4013 1180 4059 usas
1202 3997 1270 4061 esta

254 4128 284 4191 1.
329 4121 415 4210 quod
440 4121 563 4190 Fabius
596 4143 661 4190 uno
688 4119 760 4188 loeo
783 4121 866 4207 (biv.
888 4121 999 4201 XXII,
1023 4123 1053 4205 7,
1077 4125 1112 4199 4)
1135 4119 1176 4187 ad
1199 4141 1309 4187 nume·

164 4233 404 4320 rumquandam
427 4253 485 4300 sua
497 4231 673 4299 autoritate
682 4229 877 4298 firmandum
892 4230 1037 4298 affertur.
1068 4228 1179 4318 (Peter
1193 4249 1226 4314 p.
1245 4231 1311 4312 55.)

1004 4370 1026 4431 t
