2842 4642
694 24 731 96 ,61

143 201 240 272 ctiam
263 200 413 280 Sosilum,
447 195 642 277 Chaeream,
666 194 737 275 (cir.
759 191 871 279 Polyb.
893 191 958 273 III,
990 193 1042 259 20.
1065 189 1142 259 Oor.
1164 188 1284 273 Nepos,

144 311 210 376 viia
230 305 422 374 Hannibalis
444 326 470 372 o.
492 303 595 386 XIII.)
618 304 746 388 ignotos
768 301 842 368 illos
864 299 1096 384 Xenophontas
1118 297 1190 386 (cir.
1209 292 1285 362 Dio·

143 439 242 504 genes
272 416 379 482 Laert.
409 415 457 497 11,
495 419 546 480 59.
581 413 706 480 Suidas.
740 433 766 479 s.
794 433 823 479 r.
852 409 935 476 Xen.
957 407 992 474 0.
1015 407 1148 488 Miiller,
1170 404 1285 490 fragm.

141 523 256 591 histor.
279 543 383 609 graec.
404 527 430 588 t.
451 521 517 603 ΠΙ;
538 542 570 606 p.
596 516 990 606 101-102)Eumachum
1008 514 1081 604 (cir.
1095 513 1286 582 Athenaeus

143 631 204 698 XII
226 652 258 715 p.
283 635 345 695 577
368 629 410 698 A.
434 628 470 696 0.
492 627 619 710 Miller,
642 627 722 694 ibid.
744 647 776 711 p.
793 628 866 710 102)
889 624 1061 711 rejicimus.
1106 621 1176 700 Quo
1198 620 1285 686 iacto
1363 639 1368 647 ·

143 759 260 825 persus
283 744 333 805 est
356 759 506 804 numerus
530 758 659 818 eorum,
681 736 738 821 qui
761 734 855 801 nobis
878 738 1014 814 restant,
1043 731 1098 817 qni
1132 751 1197 815 qno
1218 727 1288 795 lon·

143 849 214 933 gius
237 868 257 913 a
286 846 364 914 belli
384 846 498 912 Punici
532 845 663 912 secundi
686 843 886 928 temporibus
908 841 1101 921 recedimus,
1125 859 1163 904 eo
1185 835 1288 922 magis

143 975 270 1038 semper
295 953 493 1021 diminuitur.
538 951 609 1038 (cir.
640 950 793 1033 Nitzsch,
815 951 849 1016 in
881 970 963 1016 mus.
992 948 1127 1013 rhenan.
1169 943 1288 1010 XXIII.

143 1083 176 1147 p.
200 1066 285 1146 607.)
328 1061 438 1145 Atque
461 1081 570 1127 eorum
593 1059 740 1145 quidem,
774 1056 829 1143 qui
851 1062 928 1123 ante
947 1053 1116 1141 Polybium
1150 1053 1288 1136 scripse·

144 1174 230 1249 runt,
254 1168 294 1234 de
316 1167 353 1234 [ι.
377 1167 487 1234 (linoio
511 1167 670 1234 Alimento
694 1186 811 1250 parum
833 1167 981 1244 constat,
1004 1161 1071 1247 (cfr.
1095 1161 1134 1226 Α.
1149 1158 1287 1241 house,

146 1277 233 1343 vitae
261 1282 294 1342 et
323 1275 512 1360 fragmenta.
545 1279 608 1340 vet.
639 1274 712 1340 hist.
741 1293 774 1358 p.
797 1271 940 1357 63-83)
968 1289 1070 1354 quare
1098 1290 1225 1335 omnem
1246 1265 1287 1332 de

145 1403 183 1450 eo
206 1382 458 1467 disputationem
486 1381 529 1448 ab
552 1381 613 1448 hoc
641 1380 710 1448 loco
742 1377 1004 1467 removemusffl).
1048 1376 1163 1462 Neque
1184 1375 1288 1462 magis

145 1490 183 1571 Q.
206 1491 345 1558 Fabium
366 1491 541 1573 Pictorem,
577 1491 632 1575 qui
653 1511 737 1556 unus
767 1494 890 1569 restat,
922 1487 1005 1554 Livii
1030 1485 1105 1552 libr.
1138 1484 1289 1552 XXVI-

146 1598 237 1666 XXX
258 1603 292 1664 et
313 1598 441 1684 Polybii
463 1599 582 1666 fontem
605 1603 696 1682 puto.
740 1595 812 1685 (cir.
836 1595 870 1662 (l.
891 1594 1028 1677 Miller,
1050 1593 1110 1679 irg.
1132 1593 1207 1660 hist.
1230 1591 1289 1673 111,

146 1727 178 1791 p.
202 1709 358 1794 89-91.)
402 1707 530 1772 Etenim
554 1726 686 1791 prorsus
717 1706 893 1785 nescimus,
924 1724 989 1789 quo
1017 1723 1102 1769 anno
1132 1701 1290 1768 desierint

146 1818 215 1900 ejus
237 1814 389 1894 annales,
413 1819 446 1882 et
469 1835 545 1880 num
568 1813 687 1882 bellum
709 1814 863 1898 punicum
884 1832 988 1898 nsque
1009 1811 1050 1878 ad
1063 1811 1160 1878 finem
1174 1830 1289 1877 narra·

144 1923 236 1990 verit.
282 1921 355 2011 (cir.
382 1924 420 1988 Δ.
442 1921 569 1990 Krause
601 1923 788 2007 1.1.p.41
819 1920 865 2006 ff.)
908 1919 1033 1986 Deinde
1054 1939 1146 2001 vero,
1180 1925 1219 1985 ut
1238 1924 1290 1986 cst

146 2028 267 2096 Fabius
300 2030 542 2114 antiquissimus
578 2029 760 2113 annalista,
794 2049 991 2114 quamquam
1019 2027 1101 2094 Lisii
1130 2027 1290 2094 librorum

146 2135 358 2203 XXI—XXII
379 2157 529 2221 magnam
551 2143 675 2221 partem
698 2158 740 2204 ex
766 2157 805 2203 eo
835 2136 1041 2220 desumptam
1069 2140 1222 2224 putamus
1235 2133 1289 2222 ⁴²),

146 2249 256 2310 tamen
277 2243 490 2310 dubitandum
513 2244 576 2310 erit
605 2265 682 2310 num
714 2265 767 2310 res
789 2249 858 2310 tam
877 2249 1039 2323 remotas,
1061 2262 1146 2326 quae
1178 2242 1214 2308 in
1234 2241 1290 2308 nf-

145 2350 214 2416 rioa
235 2355 270 2417 et
291 2349 449 2435 Hispania
479 2355 591 2436 gestae
614 2356 718 2432 erant,
740 2371 805 2416 nou
827 2348 930 2415 solum
959 2354 1028 2415 tam
1054 2348 1210 2431 dilucide,
1232 2349 1290 2416 sed

146 2461 241 2524 muta
260 2457 427 2542 regionum
460 2456 666 2543 locorumque
695 2457 876 2542 cognitione
905 2455 1052 2522 adbibita
1086 2456 1289 2524 conscribere

148 2565 302 2648 potuerit.
328 2603 366 2616 ·-
398 2563 462 2632 Sed
497 2565 584 2651 qnod
622 2565 798 2632 maximum
827 2571 895 2645 est,
930 2585 1090 2631 summum
1117 2565 1291 2632 discrimen

147 2673 319 2742 intercedit
349 2674 435 2740 inter
456 2674 677 2741 narrationem
699 2673 857 2741 librorum
879 2672 1089 2740 XXI-XXII
1120 2679 1154 2741 et
1176 2693 1289 2742 aarum

148 2784 289 2864 partium
312 2782 386 2850 libr.
409 2782 657 2864 XXVI-XXX,
680 2782 722 2848 de
745 2781 863 2867 quibas
885 2803 945 2849 nos
967 2782 1103 2867 sginum
1145 2782 1290 2849 Primum

219 2990 265 3060 46)
284 2990 370 3048 Theo.
388 2992 495 3058 Places,
520 2992 555 3049 de
573 2993 673 3052 (linaiis
690 3010 743 3048 rer.
761 2994 842 3052 Rom.
860 2995 988 3066 scriptor.
1021 2995 1102 3051 Bonn
1122 2997 1201 3054 186⁶.
1226 3011 1290 3054 con·

146 3082 216 3138 tinet
233 3101 342 3141 oausam
361 3102 410 3142 cur
432 3085 483 3141 Th.
501 3085 671 3154 Mommsen,
689 3090 759 3143 rim.
777 3087 941 3144 (ieschichta
958 3088 986 3156 1,
1007 3107 1036 3161 p.
1055 3092 1118 3146 937.
1150 3089 1184 3145 1..
1202 3090 1290 3146 (lincii

146 3175 277 3233 Alimenti
311 3196 380 3249 opus
419 3180 480 3243 „ein
510 3179 669 3236 Maohwerk
701 3197 749 3235 sua
781 3181 1004 3252 augustaeischer
1038 3181 1117 3238 zeir‘
1148 3185 1290 3255 nominet;
1416 3254 1417 3259 ἵ

146 3268 196 3324 cfr.
213 3269 302 3327 Neues
320 3271 442 3326 schweiz.
459 3271 529 3326 Mus.
551 3273 629 3326 1866.

219 3363 265 3433 47)
283 3364 330 3419 liis
348 3365 446 3430 rebus,
470 3383 537 3436 quas
560 3364 591 3422 (l.
608 3366 689 3422 Peter
706 3365 752 3422 die
771 3366 885 3436 Quellen
902 3367 951 3423 dea
973 3368 1162 3425 XXI-XXII.
1180 3369 1287 3425 Buchea
1416 3332 1417 3355 ff

146 3473 175 3528 p.
194 3457 229 3514 55
248 3457 278 3514 ff.
296 3459 398 3522 attulit,
415 3459 538 3514 nondum
555 3459 683 3530 depulsus
707 3478 768 3515 aum
787 3460 822 3517 de
837 3477 880 3527 ¹eo
903 3463 1055 3533 sententis,
1079 3463 1145 3532 quin
1170 3463 1288 3519 Fabium

146 3549 251 3604 sontem
269 3567 442 3606 communem
462 3557 566 3623 putem.
603 3552 657 3609 cfr.
676 3553 713 3608 Η.
730 3555 818 3625 Peter,
837 3553 882 3609 die
900 3554 1014 3622 Quellen
1031 3554 1174 3612 Plutarcho
1192 3556 1289 3611 iudea

145 3640 406 3698 Lebensbeschreib.
432 3643 482 3699 der
501 3646 534 3702 R.
558 3663 586 3716 p.
605 3646 724 3700 lac—56.
743 3645 773 3701 G.
795 3646 960 3716 Boettcher,
989 3647 1025 3702 de
1042 3648 1115 3704 Livii
1143 3649 1207 3704 libri
1223 3648 1289 3703 XXI

146 3733 259 3790 -XXII
277 3733 406 3789 tontibus.
442 3735 513 3792 Nam
531 3737 554 3791 si
571 3736 679 3808 Polybii
695 3737 755 3791 fons
774 3738 852 3792 testis
870 3738 993 3794 oculatus
1005 3739 1185 3810 erat,Sosilus
1196 3739 1288 3795 afferri

145 3830 251 3897 potest,
275 3827 321 3897 qui
344 3826 372 3881 iu
397 3827 494 3883 eodem
512 3828 630 3899 bonore,
648 3847 702 3899 quo
721 3830 840 3901 Silenus,
862 3831 892 3884 in
910 3831 1071 3887 Hannibalis
1099 3834 1195 3888 castris
1221 3834 1285 3902 fuit3

144 3921 206 3986 (cfr.
224 3919 305 3975 Corn.
330 3919 422 3990 Nepos
445 3921 591 3979 Hannibal.
617 3921 696 3992 XIII)
723 3927 752 3978 et
775 3923 883 3978 Cincius
910 3924 1071 3980 Ahmentus.
1115 3925 1287 3981 elabimur
1416 3926 1417 3951 ³

144 4009 217 4074 XXI,
236 4011 282 4065 38.
317 4009 367 4065 cfr.
385 4011 478 4076 etiam,
496 4029 565 4082 quae
583 4013 699 4084 Magnus
718 4013 856 4069 buchholz
868 4013 1028 4084 disputavit:
1048 4011 1151 4082 Quibus
1166 4014 1287 4070 fontibus
1416 4038 1417 4043 ¹

145 4099 306 4156 Plutarchus
324 4103 353 4156 in
364 4103 427 4159 vitis
438 4105 519 4161 Fabii
535 4105 650 4161 Maximi
667 4109 696 4160 et
714 4106 840 4162 Marcelli
857 4124 921 4160 naua
938 4108 983 4162 sit.
1019 4107 1135 4178 Grypha.
1156 4109 1237 4164 1865:
1258 4112 1287 4162 ct

145 4191 306 4267 Nissenium,
321 4195 368 4266 qui
385 4197 529 4254 nobiscum
547 4198 627 4255 tacite
646 4198 785 4256 Kritischa
802 4199 1066 4271 Unterauchun'gsn3
1092 4217 1122 4271 p.
1152 4204 1203 4256 102
1233 4205 1286 4257 eta
