2842 4642
637 23 680 90 00

205 197 271 264 Sed
292 195 448 264 accedunt
468 196 541 263 alia.
587 195 768 263 Nitzsobine
800 201 914 281 putat,
942 195 1106 262 Valerium
1127 197 1260 286 Polybio

118 328 212 375 usum
234 325 327 390 esse;
347 305 471 374 Livium
493 305 643 389 Valeri03
676 306 762 372 unda
783 305 905 372 iactum
927 327 1014 387 esse,
1037 310 1076 372 ut
1096 307 1131 372 in
1150 314 1258 391 poste·

117 413 259 482 rioribus
281 413 411 482 decadis
433 415 550 482 tertiae
572 413 722 499 partibus
744 412 853 482 Livius
876 413 919 480 ad
942 413 1076 481 verbum
1097 413 1165 481 iere
1186 437 1260 482 cum

121 523 255 611 Polybio
277 525 467 592 consentiat.
512 523 604 602 Quod
627 523 776 591 omnibus
808 524 842 590 in
876 520 955 590 locis
987 528 1087 608 atque
1116 522 1149 588 in
1181 545 1260 592 nno·

121 653 250 718 quoque
273 635 430 717 scriptore
451 633 503 698 vix
525 631 719 700 credendum
740 651 828 713 esse,
848 635 916 719 jam
940 631 975 698 0.
997 631 1095 699 Peter
1115 631 1157 700 de
1190 632 1261 701 ion·

120 741 207 808 tibus
227 741 299 808 libr.
322 739 534 806 xxx-xxu
554 740 621 806 Liv.
645 761 677 824 p.
700 741 731 806 3.
754 742 841 825 pil
867 740 958 807 dixit.
1003 739 1131 820 Quanto
1154 741 1260 828 minue

119 870 195 917 vero
217 848 412 916 credendum
434 849 496 915 erit
524 849 558 914 in
579 847 707 915 Valerio
735 846 887 914 Antiatel
946 844 1009 926 Qui
1042 847 1071 914 si
1091 847 1260 934 Polybium

121 962 249 1024 secutus
273 961 376 1037 esset,
405 953 511 1022 iacere
532 975 596 1021 non
617 955 787 1039 potuisset,
810 956 888 1040 quin
909 955 1011 1021 multa
1034 959 1103 1043 ejus
1125 958 1261 1041 generis,
1319 944 1338 985 ·²

121 1064 262 1133 sicuti..
284 1063 392 1146 xxx,
417 1067 452 1146 3,
483 1069 512 1128 o.
534 1062 639 1145 xxx,
675 1065 727 1145 19,
763 1068 812 1129 11.
834 1063 934 1146 xxx,
958 1069 1010 1144 29,
1032 1069 1063 1130 o.
1085 1064 1184 1148 xxv,
1208 1071 1260 1133 ao.

121 1173 304 1256 XXXVIII,
328 1176 380 1238 23.
403 1178 463 1238 etc.
486 1171 678 1252 addidissem
700 1192 805 1256 neque
838 1171 905 1239 ullo
936 1174 1031 1239 modo
1051 1179 1163 1240 tentus
1184 1194 1262 1241 con·

120 1303 232 1350 sensus
253 1283 340 1349 inter
360 1280 485 1348 Livium
507 1287 541 1348 et
555 1280 724 1366 Polybium
737 1281 896 1365 potuisset
911 1282 1058 1364 existere,
1069 1285 1261 1367 praesertim

121 1409 193 1456 cum
214 1389 324 1456 Livius
346 1389 415 1474 ipse
437 1407 564 1473 quoque
586 1386 685 1454 rerba
707 1387 821 1454 saltem
846 1387 945 1454 fontis
968 1390 1018 1455 sui
1031 1390 1174 1474 paullum
1191 1412 1260 1457 mu-

121 1503 192 1564 tare
216 1495 350 1564 solebat.
395 1496 521 1563 Deinde
542 1516 639 1578 vero,
662 1516 759 1581 quam
782 1498 919 1562 maxime
940 1502 991 1564 est
1011 1496 1160 1580 dubium,
1183 1519 1260 1564 num

120 1604 270 1671 Valerius
292 1625 353 1689 pro
375 1624 433 1670 suo
455 1603 615 1670 scribendi
637 1623 752 1688 genere
773 1603 943 1690 Polybium
965 1605 1094 1671 omnino
1119 1607 1261 1690 potuerit

120 1733 295 1798 usurpare3
314 1733 389 1779 nam
412 1713 481 1780 sine
503 1712 601 1780 dnbio
622 1712 677 1780 ille
697 1733 763 1779 non
785 1712 972 1780 referendus
995 1720 1045 1781 est
1064 1713 1151 1781 inter
1171 1718 1261 1782 auto·

121 1843 173 1890 ree
196 1819 314 1907 populo
335 1826 455 1908 gratos.

206 1930 322 2014 Itaque
343 1951 415 1996 cum
436 1927 559 1994 nullum
582 1932 703 1994 certum
727 1928 946 1995 testimonium
968 1933 1088 2011 exstet,
1111 1913 1177 2014 quo
1197 1930 1263 1997 Va·

120 2039 234 2106 larium
256 2037 389 2124 Polybio
410 2057 481 2103 esse
503 2057 596 2104 usum
618 2036 788 2118 indimtur,
811 2036 868 2104 sed
889 2035 998 2103 Livius
1020 2036 1140 2124 aliique
1158 2039 1263 2124 scrip-

120 2154 210 2216 tores
231 2147 261 2214 ei
282 2147 412 2231 saepius
433 2145 648 2230 exprobrent,
681 2144 769 2231 quod
791 2145 970 2227 historicis,
992 2166 1077 2230 quae
1099 2145 1260 2233 dicuntur,

122 2255 316 2324 testimoniis
337 2253 433 2320 fidem
456 2273 521 2319 non
543 2251 709 2332 habuerit,
734 2251 801 2336 (cir.
825 2251 969 2333 Krause,
998 2253 1085 2320 vitae
1115 2259 1149 2322 et
1177 2253 1263 2342 frag·

122 2371 230 2432 mente
260 2368 403 2430 veterum
435 2361 662 2428 historicorum
699 2361 928 2428 Romanorum.
990 2361 1132 2429 Berolini
1166 2366 1261 2432 1833.

121 2495 154 2559 p.
177 2472 256 2558 268)
277 2491 371 2538 nemo
392 2474 481 2537 certe
502 2467 809 2554 affirmarepoterit,
824 2490 896 2536 eum
908 2468 1035 2555 Polybii
1047 2471 1262 2556 pragmaticum

122 2601 191 2648 esse
214 2585 368 2647 secutum.
391 2615 435 2628 -
457 2577 581 2656 Quibus
603 2577 697 2644 dictis
719 2577 754 2644 id
774 2576 854 2643 mihi
876 2598 1033 2662 apparere
1045 2579 1181 2660 videtur,
1196 2599 1262 2646 non

122 2707 272 2773 magnum
303 2686 441 2753 fructum
472 2684 514 2751 ad
548 2690 693 2752 nostram
726 2685 948 2771 quaestionem
979 2684 1112 2753 rediisse
1133 2705 1182 2778 ex
1209 2684 1261 2768 iia,

121 2816 206 2881 quae
235 2795 334 2861 ceteri
365 2793 405 2862 de
437 2792 581 2861 lontibus
609 2792 681 2859 libr.
714 2792 952 2860 XXVI-XXX
984 2793 1196 2879 scripserunt3
1228 2792 1263 2860 ni

121 2903 216 2971 fallor
238 2903 279 2971 ob
303 2924 375 2969 eam
404 2902 543 2968 maxime
566 2921 715 2984 causam,
747 2902 835 2987 quod
865 2923 993 2987 semper
1022 2903 1088 2970 lere
1118 2925 1139 2970 a
1170 2902 1264 2972 libris

121 3011 333 3082 xxx-xxx
354 3010 497 3078 exibant.
541 3009 656 3095 Itaque
678 3010 706 3076 si
729 3031 889 3095 exponere
903 3031 1065 3092 conamur,
1082 3010 1265 3096 quidnobis

124 3121 164 3187 (ie
188 3120 348 3186 communi
369 3117 426 3185 illo
446 3116 534 3184 iente
557 3116 637 3183 Livii
660 3122 693 3183 et
713 3115 839 3203 Polybii
860 3115 1018 3198 rideatur,
1041 3117 1179 3201 primum
1202 3117 1266 3184 erit

126 3228 344 3310 statuendum,
366 3248 432 3294 non
454 3225 557 3312 refugi
578 3246 674 3310 posse
696 3224 740 3291 ad
768 3225 895 3311 ignotos
915 3224 1107 3310 scriptores,
1129 3245 1264 3309 quorum

124 3333 281 3402 autoritas
304 3342 361 3401 aut
382 3333 483 3401 dubia
511 3339 570 3401 aut
591 3333 707 3401 merito
729 3339 881 3419 suspecta
902 3336 963 3399 est.
1007 3331 1148 3398 Tantum
1180 3333 1264 3399 enim

122 3444 209 3511 inter
231 3441 355 3509 Livium
384 3447 419 3509 et
444 3441 613 3528 Polybium
649 3440 786 3508 vidimus
816 3442 957 3508 existere
985 3461 1199 3522 consensum,
1233 3446 1267 3507 et

123 3572 232 3618 rerum
264 3553 297 3616 et
327 3548 515 3633 verborum,
546 3555 584 3617 ut
604 3549 667 3616 nisi
688 3571 728 3616 ex
759 3549 845 3618 bono
875 3557 988 3616 autore
1021 3547 1064 3615 ad
1096 3569 1191 3634 quem
1225 3568 1266 3615 ne

123 3659 259 3746 Polybio
294 3657 424 3744 quidem
454 3658 616 3742 permulta
648 3664 742 3725 erant
772 3658 942 3740 addenda,
970 3657 1175 3724 manationes
1202 3677 1268 3724 non

126 3789 196 3836 esse
228 3769 360 3835 haustas
389 3771 586 3852 putaremus.
645 3764 752 3845 Quare
773 3786 839 3833 non
868 3767 975 3834 minus
1006 3786 1103 3851 quam
1124 3764 1267 3833 Silenum

125 4005 180 4060 Dae
197 4004 382 4060 nameutliclre
400 4004 473 4060 citat
491 4003 604 4060 beweiat
620 4001 711 4059 nichts
728 4003 774 4058 iilr
794 4003 840 4060 die
857 4003 1021 4075 Benutnung
1038 4001 1088 4058 der
1105 3998 1206 4072 stelle,
1224 4018 1268 4058 wo

125 4111 155 4148 ea
173 4093 232 4148 rich
248 4093 344 4162 findet,
360 4095 435 4151 idem
452 4113 482 4167 p.
500 4098 564 4152 008.
582 4095 630 4150 sed
647 4111 676 4165 p.
695 4097 758 4150 604.
786 4095 840 4150 Aul
856 4095 902 4151 die
914 4094 1052 4150 Herlmnit
1067 4091 1268 4150 ‹lieeerStricke

125 4187 235 4238 mussan
252 4201 303 4240 uns
321 4186 366 4240 die
383 4203 428 4242 am
446 4188 563 4242 meisten
581 4188 692 4244 citirten
708 4188 831 4242 Antoren
847 4203 948 4243 namen
965 4187 1073 4244 tribren.
