2842 4642
656 25 697 89 66

103 195 208 280 potuit
229 217 371 266 narrare.
416 195 491 264 lam
513 219 611 285 supra
642 197 801 278 uidimus,
836 217 909 264 eum
937 198 1068 263 nomina
1100 194 1255 283 gentium,

102 305 285 389 regionum,
307 305 490 390 regulorum
513 305 634 390 optime
656 306 753 386 seire,
775 311 873 391 atque
898 305 1038 391 quaein
1060 304 1176 372 eastris
1199 325 1255 371 ro·

103 414 206 479 manis
230 420 303 480 aeta
325 393 431 482 esseut
462 413 545 482 bene
567 435 738 501 exponere.
783 413 846 481 Sed
865 413 1035 480 idemlons
1057 413 1094 478 L.
1105 411 1256 480 XXVI-

103 519 192 588 XXX
215 523 342 608 saepius
365 529 596 591 commemorat
617 523 740 590 vultum
763 522 973 609 habitumque
996 509 1156 607 Scipionis
1186 521 1254 587 oul-

103 637 236 718 tumque
259 635 326 718 ejus
349 631 511 699 describit.
558 631 647 699 Siout
669 630 705 697 L.
715 631 865 713 XXVIII,
885 635 936 713 26,
950 633 1001 702 14.
1024 631 1136 713 „Nihil
1151 651 1257 717 aeque

105 761 158 808 eos
180 741 316 824 terruit,
346 763 445 827 quam
466 748 597 827 praeter
620 763 709 828 spem
744 740 844 808 robur
869 747 903 808 et
930 740 1018 808 eolos
1039 740 1257 826 imperatoris,

104 870 199 935 quem
221 850 380 917 adlectum
403 851 528 918 visuros
552 851 774 935 crediderent,
796 851 984 937 vultusque,
1007 854 1135 937 qualem
1157 873 1199 918 ne
1220 851 1256 917 in

106 959 175 1026 aoie
199 959 328 1044 quidem
355 960 487 1047 ajebant
515 960 729 1026 meminisse.“
774 960 897 1027 Eadem
919 960 1031 1047 Polyb.
1060 959 1122 1042 XI,
1146 964 1199 1041 27,
1222 963 1320 1028 8

104 1068 188 1154 ,Ἔτι
210 1068 272 1153 γὰρ
294 1065 577 1154 ὕπολαμβάνυιτες
599 1067 699 1134 adada
720 1067 872 1146 ἀσθενῶς
884 1069 969 1151 ἔχειν
980 1067 1012 1135 δι
1034 1068 1164 1155 nollet,
1184 1052 1277 1161 sot-'2'

105 1200 198 1242 πειτα
221 1179 313 1264 παρὰ
343 1180 399 1266 τήν
431 1180 628 1265 προςδοκὸαν
659 1179 833 1265 αἰφνιδίως
867 1178 1052 1268 &diriperes
1087 1174 1318 1268 θιασᾰμι-’ςί

105 1309 166 1369 vos,
189 1288 270 1351 nord
302 1287 360 1374 τῆν
387 1287 545 1374 intuerer
573 1288 855 1375 καιιιιλοέγησαν,“
895 1288 1005 1355 Etiam
1034 1289 1069 1355 in
1096 1289 1255 1375 colloquio
1325 1282 1352 1340 '·
1408 1308 1410 1330 ¹

104 1416 177 1462 oum
200 1395 405 1464 Massinissa:
427 1397 463 1464 L.
478 1397 626 1480 XXVIII,
643 1401 693 1480 35,
708 1403 736 1465 6.
762 1398 918 1479 „Praeter
931 1419 1028 1483 quam
1039 1397 1125 1483 quod
1138 1404 1254 1482 suapte

108 1511 226 1572 natura
257 1507 359 1572 multa
382 1511 534 1594 majestas
557 1508 673 1589 inerat,
696 1507 881 1574 adornabat
901 1507 1062 1592 promissa
1084 1509 1255 1589 caesaries,

106 1614 300 1701 habitusque
323 1617 478 1701 eorporis,
501 1638 565 1683 non
588 1616 692 1682 cult-us
714 1615 891 1698 munditiis,
914 1616 971 1683 sed
994 1616 1096 1683 virilis
1117 1637 1192 1684 rere
1213 1637 1253 1682 ao

107 1725 264 1808 militaris,
289 1732 322 1792 et
344 1733 435 1792 aetas
458 1726 492 1793 in
515 1726 622 1794 medio
645 1726 760 1793 virium
785 1726 918 1808 robore,
948 1724 1033 1810 quod
1057 1726 1182 1810 plenius
1204 1725 1257 1792 ni·

106 1833 269 1920 tidiusque
292 1857 332 1902 ex
354 1835 466 1903 morbo
494 1834 581 1904 velut
610 1842 784 1903 renovatus
813 1834 872 1902 ilos
897 1839 1050 1922 juventae
1079 1833 1255 1902 faciebatf‘

106 1941 162 2012 eir.
185 1943 252 2011 Liu.
274 1945 420 2028 XXVIII,
446 1949 495 2028 18,
522 1951 551 2010 7.
595 1944 706 2031 Polyb.
730 1946 785 2027 XI,
810 1950 924 2026 24a‚4.
960 1945 1048 2011 Haeo
1061 1945 1132 2030 ipsa
1144 1949 1255 2010 autem

105 2054 264 2137 promissa
293 2056 454 2121 caesaries
477 2054 646 2139 cultusque
669 2055 814 2141 eorporis
836 2056 934 2122 nimis
951 2074 1085 2141 graecum
1110 2053 1256 2139 Scipioni

107 2162 280 2248 opprobrio
304 2169 364 2230 est.
409 2163 466 2230 eir.
489 2163 525 2230 L.
548 2163 663 2248 XXIX,
691 2170 741 2249 19,
767 2169 816 2230 ll.

193 2271 318 2340 Deinde
341 2294 418 2340 vero
440 2274 605 2357 nonnulla,
628 2295 714 2361 quae
735 2294 840 2361 nequo
863 2274 903 2341 ad
926 2275 1015 2361 ipsas
1034 2295 1087 2341 res
1098 2271 1256 2358 gerendas

113 2379 293 2466 pertinent,
328 2403 432 2467 neque
461 2382 609 2450 inlibris
643 2385 889 2469 magistratuum
917 2391 950 2450 et
980 2383 1014 2448 in
1044 2381 1257 2450 relationibus

108 2490 150 2555 ad
174 2496 321 2556 senatum
352 2493 534 2578 perscripta
567 2497 677 2574 orant,
711 2499 863 2560 aoeurate
896 2492 1043 2577 exposita
1069 2491 1257 2558 invenimus.

108 2598 160 2664 Sio
183 2599 284 2680 ratio,
308 2599 344 2664 L.
356 2599 468 2682 XXVI,
493 2605 551 2682 48,
575 2621 640 2684 qua
653 2599 760 2685 Scipio
773 2605 807 2665 et
815 2600 945 2665 Laelius
958 2599 1184 2667 disoessionem
1197 2598 1257 2665 mi·

108 2707 200 2773 litum
233 2705 368 2791 tollunt,
402 2710 490 2774 ultra
522 2707 602 2775 fines
638 2716 818 2774 castrorum
850 2695 905 2774 vir
934 2713 1065 2792 poterat
1093 2707 1257 2793 progredi,

109 2815 172 2883 nisi
194 2822 327 2882 narrata
349 2816 391 2883 ab
415 2816 540 2902 aliquo,
563 2816 619 2902 qui
641 2816 738 2883 rebus
761 2815 962 2883 interdnerat.
1006 2815 1095 2883 Idem
1117 2816 1260 2903 quadrat

108 2927 139 2992 in
164 2948 214 3008 ea,
228 2945 310 3011 quae
322 2926 357 2991 L.
373 2925 487 3009 XXVI,
502 2929 539 2992 51
552 2925 591 2992 de
605 2926 791 2994 exercendis
803 2925 959 2993 militibus
970 2926 1132 3011 legimus:
1153 2926 1258 3011 primo

110 3035 162 3102 die
192 3035 225 3101 in
261 3037 362 3102 armis
394 3037 538 3121 legiones
561 3037 604 3104 IV
626 3035 749 3103 milium
772 3037 879 3122 spatio
901 3035 1097 3118 decurrisse3
1120 3040 1153 3101 et
1174 3056 1258 3121 quae

111 3145 269 3228 seeundo,
303 3147 410 3228 tertio,
440 3154 575 3231 quarto,
608 3147 721 3232 quinto
752 3146 803 3213 die
833 3152 924 3230 gesta
946 3146 1021 3211 sint.
1065 3143 1122 3211 eir.
1146 3144 1257 3231 Polyb.

110 3253 150 3334 X,
175 3257 228 3334 20,
255 3258 348 3320 1-3.
393 3254 483 3320 Idem
515 3254 684 3320 dicendum
708 3255 772 3321 erit
805 3254 845 3320 de
867 3256 924 3336 iis,
958 3274 1041 3339 quae
1067 3252 1258 3336 LXXVII,

113 3365 162 3444 19,
186 3366 270 3427 4-6
295 3362 335 3428 de
357 3362 731 3449 contemptoaSoipione
741 3365 829 3448 regio
840 3364 970 3430 nomine
982 3361 1194 3440 etLXXVIl,
1204 3366 1257 3444 20,

114 3475 128 3534 l
154 3471 192 3537 de
215 3470 291 3538 belli
314 3472 448 3539 oonsilio
477 3473 675 3558 diversisque
706 3473 823 3539 dueum
852 3472 1039 3553 sententiis,
1068 3472 1259 3538 afferuntur.

113 3579 260 3662 XXVIII,
285 3584 323 3644 21
347 3601 463 3647 munus
485 3581 714 3666 gladiatorium
745 3587 779 3647 et
800 3581 937 3646 maxime
949 3580 1078 3666 quidem
1095 3585 1261 3647 certamen

113 3688 226 3756 Corbis
250 3695 284 3755 et
308 3689 434 3756 Orsuae
454 3689 497 3756 ad
522 3711 679 3756 summam
702 3689 779 3756 belli
801 3709 865 3755 non
876 3690 1056 3773 pertinent,
1078 3689 1135 3756 sed
1151 3695 1258 3757 9-10

120 3797 355 3864 dilucidissime
377 3798 621 3880 deseribuntur,
651 3804 687 3864 ut
710 3798 751 3865 ab
774 3797 902 3864 bomine
932 3801 987 3883 qui
1018 3800 1053 3864 in
1081 3799 1143 3866 illis
1172 3798 1261 3866 ludis
1396 3802 1407 3829 ‘l

115 3912 277 3992 spectator
300 3908 409 3974 fuerit.
454 3907 545 3972 Idem
570 3906 711 3992 quadrat
732 3907 766 3972 in
777 3906 813 3972 L.
826 3906 971 3990 XXVIII,
988 3911 1126 3990 25-27,
1141 3908 1196 3975 ubi
1208 3929 1260 3974 se-

111 4016 191 4082 ditio
214 4023 389 4083 uestrorum
423 4016 671 4084 Sucronensium
697 4018 936 4084 accuratissime
957 4017 1160 4100 describitur,
1177 4022 1260 4084 tam·

112 4143 208 4208 quam
231 4124 274 4191 ab
297 4125 438 4210 homine,
463 4129 517 4228 qui
538 4127 573 4193 in
594 4128 674 4213 ipsis
697 4129 813 4195 castris
834 4135 981 4196 versatus
1004 4128 1056 4195 sit.
