2842 4642
716 21 759 85 ὃ)

175 189 271 256 nimis
293 189 460 272 diminuit,
489 189 540 257 hic
561 189 656 256 nimis
689 190 781 256 auxit
812 211 990 257 nnmerum.
1044 189 1157 258 Potuit
1189 189 1320 279 quidem

175 317 328 364 numerus
350 297 448 364 Sileni
470 304 642 383 corruptus
673 317 768 376 essc3
809 297 865 364 sed
895 297 928 364 id
950 298 983 363 in
1002 303 1118 383 aperto
1151 307 1216 382 est,
1248 320 1322 366 eum

175 404 273 472 luisse
294 406 454 488 omnium,
477 426 559 494 quos
581 405 690 472 Livius
712 405 852 473 traditos
873 405 1080 490 reperiebat,
1108 406 1203 494 longe
1225 407 1320 475 mini-

176 533 274 595 mum,
296 533 368 579 cum
390 512 511 580 Valerii
531 533 680 594 numero,
710 514 850 580 maximo
873 535 971 599 quem
994 515 1196 599 reperiebat,
1220 537 1322 602 oppo-

176 624 283 690 natur.
329 621 436 700 Quare
459 642 499 688 ex
519 621 580 689 hoc
601 643 666 689 nno
688 621 771 704 loco,
784 621 842 689 nbi
856 620 956 688 Sileni
966 643 1084 689 nomen
1095 623 1181 708 apud
1196 623 1321 694 Livium

177 737 237 815 est,
261 732 440 800 certissime
462 732 609 800 concludi
631 732 739 816 debet,
762 754 835 799 eum
856 733 890 799 in
912 733 1011 800 rebus
1034 733 1227 801 Hannibalis
1249 756 1322 802 nar·

177 840 289 907 randis
311 861 333 908 a
352 841 489 908 veritate
511 841 607 909 nimis
629 841 819 924 recessisse3
849 841 936 926 quod
958 842 988 908 ei
1009 842 1185 928 opprobrio
1215 851 1324 911 vetere

177 971 272 1018 nemo
294 951 420 1035 cupiet,
454 971 527 1018 cum
557 951 620 1017 hoc
648 949 763 1016 vitium
785 950 933 1017 omnibus
956 952 1025 1038 ejus
1046 952 1166 1018 aetatis
1188 953 1324 1037 scripto·

178 1057 268 1125 ribus
290 1079 458 1126 commune
481 1059 533 1138 sit,
555 1064 594 1126 ut
616 1057 765 1144 partibus
786 1060 855 1126 suis
877 1060 973 1126 nimis
994 1059 1134 1128 faveant.
1172 1059 1235 1128 Sed
1255 1064 1324 1148 jam

181 1165 258 1232 inde
279 1173 436 1251 apparet,
457 1187 511 1234 res
532 1187 553 1233 a
574 1166 722 1254 Scipione
741 1168 776 1235 in
797 1167 955 1252 Hispania
971 1173 1006 1235 et
1026 1167 1060 1234 in
1075 1167 1185 1235 Africa
1206 1173 1324 1255 gestas,

179 1274 292 1360 quales
323 1273 498 1362 aPolybio
526 1279 559 1342 et
591 1275 681 1343 Livio
714 1280 905 1359 narrantur,
938 1276 981 1343 ad
1013 1276 1171 1363 ejusmodi
1202 1276 1324 1345 fontem

178 1382 294 1450 referri
328 1402 393 1449 non
424 1403 531 1467 posse.
585 1381 755 1450 Consentit
781 1391 889 1450 autem
914 1382 1081 1450 nobiscum
1102 1383 1227 1470 Bajaclr
1256 1383 1324 1450 Ll.

178 1511 210 1576 p.
235 1493 336 1570 7-8,
360 1489 415 1574 qui
441 1487 584 1556 Silenum
606 1488 806 1556 laudatorem
828 1488 1021 1556 Hannibalis
1042 1489 1200 1580 dixit44).x

266 1596 357 1675 Quae
380 1598 543 1664 sententia
563 1597 667 1684 magis
699 1597 798 1664 etiam
831 1617 870 1664 eo
893 1596 1111 1680 confirmatur,
1135 1597 1222 1684 quod
1246 1597 1325 1665 Goe-

179 1702 257 1770 lium
280 1703 409 1771 sabellis
431 1703 599 1771 abundare
620 1704 769 1771 uidimus.
814 1703 877 1782 Qui
900 1704 928 1770 si
942 1703 976 1770 in
989 1725 1106 1789 magna
1116 1704 1323 1772 historiarum

179 1816 275 1898 parte
296 1811 437 1880 Silenum
460 1810 676 1898 sequebatur,
698 1818 787 1879 certe
809 1811 994 1878 fabularum
1024 1810 1154 1878 illarum
1181 1811 1326 1878 multitu·

180 1921 289 1989 dinem
309 1941 350 1989 ex
372 1919 480 1989 Sileno
503 1921 633 2004 hausit,
655 1919 690 1988 id
712 1921 800 2007 qnod
822 1919 935 1988 Cicero
957 1920 998 1988 de
1019 1920 1118 1987 divin.
1139 1919 1167 2001 1,
1191 1925 1248 2002 24,
1282 1925 1325 1987 49

179 2029 330 2097 testatur.
374 2027 464 2109 Quae
484 2051 557 2096 cum
578 2030 627 2097 ita
648 2029 725 2111 sint,
745 2049 813 2096 non
832 2027 1058 2096 sinecausaO.
1070 2027 1326 2116 Peter(Quellen

161 2138 239 2206 des
260 2137 369 2205 Livius
391 2159 422 2223 p.
448 2137 505 2225 75)
525 2137 652 2205 ridetur
673 2139 870 2222 exposuisse,
893 2157 959 2204 non
975 2138 1112 2202 multum
1124 2136 1212 2204 inter
1224 2135 1326 2204 Chae·

181 2267 257 2314 reae
281 2252 315 2313 et
336 2245 432 2313 Sosili
454 2266 535 2331 opus
555 2245 712 2312 interesse
735 2250 769 2312 et
789 2243 942 2311 Silenum.

267 2353 436 2422 Accedunt
458 2351 532 2420 alia.
577 2351 616 2419 G.
640 2351 773 2440 Bujack,
796 2351 854 2437 (de
876 2351 1002 2434 Sileno,
1024 2351 1181 2439 scriptore
1201 2349 1327 2419 Hanni·

180 2461 266 2530 balis
286 2467 321 2546 'p.
337 2459 395 2551 32)
417 2460 545 2528 collatis
568 2458 718 2527 Cornelio
747 2459 876 2546 Nepote
897 2460 981 2544 (rita
1002 2458 1145 2527 Hannib.
1178 2479 1207 2526 c.
1237 2459 1272 2547 3)
1294 2465 1328 2526 et

181 2569 294 2638 Cassio
324 2567 428 2638 Dione
456 2568 514 2658 (ed
535 2568 659 2637 Becker
677 2569 708 2651 I,
731 2589 763 2655 p.
786 2572 848 2653 56,
872 2569 954 2656 10),
977 2589 1059 2656 qnos
1081 2567 1185 2634 multa
1213 2589 1254 2636 ex
1275 2567 1328 2635 Si·

180 2678 254 2747 leno
277 2679 425 2746 hausisse
454 2682 564 2763 putat,
594 2682 769 2764 utrumque
798 2676 969 2744 nonnullas
1002 2697 1055 2744 res
1081 2676 1199 2744 afferre
1235 2675 1327 2759 uidit,

181 2807 263 2872 quas
284 2785 435 2874 Polybius
465 2789 502 2852 ut
521 2785 620 2854 salsas
641 2785 776 2854 refutat.
820 2785 858 2852 Ρ.
870 2785 928 2869 HI,
948 2785 1096 2867 47-483
1117 2785 1257 2851 maxime
1269 2785 1327 2869 111,

182 2897 236 2974 48,
258 2897 289 2957 6.
332 2893 447 2978 Itaque
469 2893 497 2958 si
519 2893 707 2978 Appianas,
730 2893 858 2978 Nepos,
883 2892 1016 2960 Cassius
1044 2912 1085 2958 ax
1112 2889 1224 2958 Silano
1246 2892 1328 2960 falsa

102 3035 106 3044 ν
182 3003 360 3068 hauserunt
375 3005 474 3084 atque
486 3000 514 3066 si
521 2998 675 3087 Polybius
688 3001 723 3066 in
740 3000 895 3084 Silenum,
910 3019 1106 3087 quamquam
1121 3000 1252 3068 nomine
1262 3022 1328 3068 non

183 3107 285 3176 allato
307 3107 479 3191 invehitur,
502 3128 614 3175 omnes
636 3108 822 3192 concedent,
846 3112 916 3197 ejus
937 3108 1091 3177 historias
1113 3129 1177 3175 non
1200 3127 1327 3194 semper

182 3213 291 3300 magni
312 3211 410 3299 pretii
431 3211 540 3279 luisse.
565 3249 604 3262 -

268 3321 358 3388 Idem
378 3319 503 3407 Bujack
523 3341 555 3407 p.
578 3323 619 3387 29
642 3320 705 3388 sibi
726 3320 856 3388 ridetur
876 3321 1117 3389 demonstrasse
1139 3321 1322 3406 Appianum

181 3432 216 3498 in
260 3429 448 3496 Annibiacis
491 3430 638 3513 minime,
683 3430 787 3515 magis
820 3429 855 3497 in
893 3428 1075 3512 Hibericis,
1112 3431 1251 3498 maxime
1293 3432 1328 3499 in

181 3533 310 3621 Libycis
331 3533 440 3602 Sileno
463 3533 550 3602 fonte
572 3556 666 3601 usum
690 3553 771 3602 esse.
816 3531 910 3613 Quod
931 3533 961 3600 si
981 3553 1092 3601 rerum
1114 3542 1175 3616 est,
1195 3533 1230 3600 id
1240 3535 1328 3621 quod

182 3663 267 3709 nunc
289 3643 551 3728 conquaeritur,
573 3647 661 3710 certo
683 3641 758 3708 inde
779 3646 928 3726 apparet,
950 3640 1093 3708 Silenum
1114 3663 1220 3727 neque
1246 3642 1327 3710 Livii

181 3771 288 3838 neque
317 3750 446 3839 Polybii
474 3749 594 3818 fontem
631 3771 711 3818 esse.
774 3750 857 3816 Nam
890 3749 1018 3817 etiamsi
1055 3749 1224 3837 Appianas
1262 3772 1327 3819 non

182 3862 291 3928 omnia
312 3880 353 3926 ex
375 3857 482 3927 Sileno
505 3858 720 3945 desumpsisse
742 3857 908 3945 putandus
930 3861 992 3940 est,
1013 3863 1124 3926 tamen
1144 3859 1266 3947 ubique
1293 3866 1328 3928 et

255 4081 302 4150 44)
321 4079 376 4137 (llr.
394 4097 464 4151 quae
491 4081 520 4136 in
544 4078 720 4152 ephemeride
747 4078 978 4151 »philologiscber
996 4078 1161 4150 Artemon«
1185 4079 1222 4135 ab
1239 4080 1273 4137 Ε.
1291 4081 1328 4138 de

184 4172 303 4230 hutsch
320 4187 376 4228 ona
393 4188 456 4228 cum
474 4171 620 4244 Philologo
638 4171 728 4242 edite,
746 4171 929 4243 exposuimus.
964 4169 1013 4228 Νι.
1032 4174 1111 4242 231²·
1128 4172 1165 4228 db
1182 4169 1212 4227 H.
