2842 4642
654 5 673 68 8

92 177 277 246 credebant.
322 175 431 246 Livius
455 179 538 246 enim
560 179 593 245 iu
614 178 737 246 decade
756 179 856 247 tertia
877 201 954 247 raro
975 201 1015 247 ex
1028 180 1161 268 Polybio
1177 181 1237 249 de·

43 285 46 288 ’
93 286 240 372 scripsit,
264 285 453 369 saepissime
477 285 512 352 in
535 290 653 371 quarta
676 293 709 352 et
731 287 860 370 quinta,
890 287 978 373 quod
997 291 1065 375 jam
1088 289 1235 358 Michael.

92 394 113 461 l.
136 395 158 461 l.
181 395 228 460 itu
249 399 469 478 perspexerat,
493 398 616 460 utnon
639 396 774 462 multum
797 415 819 461 a
840 396 977 464 ueritate
998 397 1167 464 aberraret
1175 399 1215 486 ⁴).

181 501 245 568 Sed
267 521 401 586 prorsus
424 501 513 568 nulla
536 523 633 570 causa
655 503 735 584 fuit,
757 524 817 569 cur
838 503 924 570 inter
945 501 1069 570 Livium
1090 511 1125 571 et
1145 505 1238 591 Poly·

93 609 183 676 bium
205 608 256 675 bis
277 607 357 674 locis
379 609 479 676 aliam
501 610 660 676 rationem
682 609 883 678 intercedere
895 617 1059 695 putarent,
1083 633 1179 696 quam
1191 613 1238 679 in·

94 725 146 784 ter
167 716 289 782 Liuium
315 721 348 782 et
358 713 556 801 Dionysium,
581 716 636 800 qui
659 717 906 801 saepeinteree
923 719 1156 801 constentiam,
1180 718 1238 786 sed

94 845 230 910 quorum
264 845 438 892 consensus
475 845 515 890 ex
544 823 706 892 veteribus
744 826 913 893 annalibus
934 834 1000 894 est
1036 826 1238 909 derivandus,

25 979 26 982 =
94 954 176 1018 quos
206 938 343 1018 uterque
367 940 496 1000 secutus
519 938 568 1000 est
592 931 615 1021 )

180 1037 269 1104 Haec
298 1038 399 1122 igitur
430 1037 573 1104 homines
602 1037 689 1104 docti
711 1045 788 1103 ante
809 1037 1023 1106 Nissenium.·
1052 1039 1111 1106 Ille
1130 1045 1239 1105 autem

96 1147 322 1233 (Quaestiones
342 1145 472 1212 criticae
488 1147 564 1233 etc.)
587 1145 676 1212 Livio
710 1167 782 1210 curn
804 1144 937 1231 Polybio
959 1152 1146 1230 comparato
1167 1169 1240 1231 per·

95 1255 221 1340 spexit,
243 1255 366 1321 Livium
391 1258 539 1336 autores,
563 1276 644 1338 quos
667 1259 795 1321 secutus
818 1259 893 1337 est,
909 1275 973 1320 non
994 1254 1238 1338 amplificavisse

96 1370 130 1430 et
162 1364 356 1446 correxisse,
389 1362 446 1430 sed
469 1363 696 1448 descripsisse;
730 1363 777 1449 (p.
801 1367 946 1444 80-82)
976 1363 1073 1430 modo
1104 1363 1238 1444 tardius,

96 1471 192 1538 modo
214 1471 367 1552 celerius;
402 1474 447 1557 (p.
473 1475 514 1536 33
536 1471 648 1558 infine)
683 1471 761 1556 quid
782 1471 912 1537 intersit
942 1472 1029 1538 inter
1050 1473 1183 1538 annales
1205 1477 1239 1538 et

96 1578 263 1665 Polybium
293 1601 365 1644 eum
388 1601 451 1646 non
486 1601 615 1664 semper
647 1575 782 1660 uidisse,
819 1581 881 1646 nisi
905 1580 960 1646 ubi
981 1580 1030 1646 illi
1063 1579 1238 1646 mentiendi

96 1687 255 1771 voluptati
276 1687 370 1753 nimis
393 1707 428 1754 se
449 1686 631 1768 dedissent;
662 1688 707 1772 (p.
733 1693 775 1752 50
797 1708 850 1753 an.
875 1690 919 1774 9).
968 1687 1002 1754 Si
1028 1693 1238 1774 utrorumque

98 1795 301 1862 narrationes
324 1797 576 1880 conjunguntur,
607 1794 696 1860 nulla
729 1816 807 1861 cura
836 1795 985 1860 adbibita
1010 1799 1104 1881 juxta
1124 1818 1161 1862 se
1182 1817 1239 1880 po⁶

96 1908 235 1990 nuntur;
258 1901 305 1990 (p.
322 1905 408 1986 107).
454 1901 560 1980 Quare
584 1903 714 1986 saepius
736 1903 868 1986 accidit,
891 1912 927 1970 ut
940 1905 1053 1971 eadem
1072 1925 1134 1985 res,
1156 1918 1240 1988 quae

98 2012 183 2098 apud
206 2017 361 2096 utrosque
381 2032 514 2095 prorsus
535 2012 631 2078 aliter
655 2020 789 2079 narrata
811 2018 893 2093 erat,
917 2013 967 2079 bis
988 2013 1074 2096 apud
1099 2033 1170 2080 eum
1192 2013 1239 2078 le·

98 2126 208 2205 gatar,
232 2141 336 2205 neque
357 2120 465 2186 Livius
488 2120 635 2186 videatur
657 2122 868 2206 perspexisse,
891 2121 951 2188 has
973 2122 1176 2189 narrationes
1189 2122 1240 2187 in·

98 2237 149 2296 ter
172 2250 206 2296 se
229 2250 294 2295 non
315 2229 493 2296 convenire.
518 2229 563 2312 (p.
589 2231 651 2294 120
673 2229 749 2316 sq.).

185 2338 356 2422 Nunquam
379 2343 487 2403 autem
508 2358 561 2403 res
588 2338 675 2404 inter
692 2358 728 2404 se
750 2336 1000 2419 contaminavit,
1031 2335 1119 2420 quod
1148 2336 1242 2403 Pete·

98 2470 152 2512 rus
175 2468 249 2512 eum
270 2446 368 2512 simili
389 2445 525 2528 ratione,
547 2466 612 2530 qua
641 2445 878 2511 comoediarum
908 2445 1099 2528 scriptores,
1129 2445 1242 2510 fecisse

99 2557 177 2621 dicit
199 2555 272 2642 (cfr.
294 2553 436 2636 Nitzsch,
459 2555 491 2620 in
516 2575 626 2620 museo
651 2553 797 2620 rhenano
818 2553 935 2634 XXIII,
957 2575 989 2637 p.
1014 2552 1211 2638 ooo-601).

181 2664 278 2742 Quod
315 2663 453 2728 Nissenii
489 2662 646 2748 judicium
676 2667 806 2728 secutus
839 2661 1011 2728 Boettcher
1037 2661 1239 2745 Regiomonti

104 2776 186 2839 1867
211 2773 252 2840 de
280 2771 423 2839 fontibus
446 2772 602 2838 librorum
624 2771 705 2838 Livii
718 2772 846 2836 21-22
869 2769 1054 2855 scripsit⁶);
1084 2771 1145 2852 cui,
1166 2791 1239 2836 curm

172 3023 200 3092 4)
219 3041 246 3093 p.
269 3025 312 3078 16.
339 3021 394 3092 ,m
419 3020 481 3076 sind
507 3021 578 3077 nach
602 3019 707 3076 meiner
731 3021 863 3092 Meinung
886 3039 939 3074 nur
962 3021 1007 3076 die
1033 3021 1191 3092 Ereignisse
1214 3023 1242 3076 in

101 3115 316 3186 Griechenlaud,
344 3113 539 3183 Macedonien,
560 3114 642 3169 Asien
667 3114 725 3168 und
749 3113 907 3184 Aegyptem
934 3114 979 3168 idi·
1001 3113 1047 3168 die
1071 3114 1164 3169 Livius
1187 3114 1243 3168 den

101 3207 230 3278 Polybius
247 3207 287 3261 als
303 3205 487 3276 Hauptquelle
505 3205 619 3260 benutzt
635 3202 699 3272 hat,
725 3205 792 3258 aber
813 3203 884 3258 auch
908 3220 940 3259 so
965 3210 1026 3258 trec
1050 3203 1164 3258 bennum
1186 3203 1244 3274 bet,

101 3303 164 3359 dass
182 3319 212 3355 er
230 3299 272 3356 bis
291 3319 353 3354 zum
372 3300 416 3354 46.
428 3299 522 3353 Buche
540 3297 585 3352 hir
597 3327 630 3337 -
642 3297 770 3368 Polybius
788 3299 868 3353 einen
885 3297 939 3352 fast
957 3296 1178 3352 uollhommeuen
1194 3298 1244 3352 Er-

101 3399 158 3451 satz
177 3391 330 3465 gewllhrt“;
348 3395 438 3454 recte,
464 3391 512 3445 sed
530 3391 558 3444 in
577 3408 610 3445 eo
628 3391 745 3459 erravit,
769 3391 843 3459 qnod
860 3391 890 3444 in
908 3390 1012 3445 decade
1035 3390 1119 3444 tertia
1135 3391 1244 3446 Livium

101 3503 239 3558 nunquam
263 3503 297 3540 ex
314 3485 427 3554 Polybio
454 3484 522 3538 dicit
546 3485 738 3554 descripsiss03
773 3484 825 3538 cir.
841 3483 1000 3539 Lachmann
1018 3483 1054 3545 II,
1073 3501 1102 3553 p.
1120 3486 1246 3554 51-52;

101 3583 146 3652 qni
162 3583 221 3652 jam
238 3581 371 3646 senserat,
391 3595 462 3641 ,mon
480 3577 571 3630 eodem
590 3577 738 3646 modoque
755 3577 785 3630 in
796 3576 903 3650 decade
913 3576 994 3632 tertia
1010 3577 1093 3632 etiam
1105 3577 1135 3631 in
1146 3583 1246 3649 quara

104 3675 246 3746 Polybium
265 3690 321 3726 esse
342 3673 531 3724 conversamst‘

174 3766 202 3834 5)
219 3765 248 3819 0.
266 3764 359 3829 Peter,
376 3777 470 3831 progr.
489 3761 612 3814 Anclaru.
633 3761 711 3814 1853.
748 3761 804 3815 Dus
822 3759 993 3816 vahanaim
1011 3761 1060 3816 des
1078 3761 1171 3817 Liuius
1189 3761 1246 3816 und

102 3854 245 3925 Dionysius
261 3870 314 3909 von
331 3846 504 3907 Halicarnass
529 3867 561 3903 au
579 3847 709 3904 einander
734 3849 791 3902 und
815 3867 860 3925 zu.
875 3849 930 3904 den
952 3850 1069 3906 iltesten
1086 3850 1247 3905 Annalisten

101 3965 129 4017 p.
150 3947 264 4001 rr-m.

173 4034 201 4102 6)
218 4031 347 4100 Nitzsch,
370 4049 396 4086 v.
421 4030 516 4099 Sybels
539 4028 634 4085 histor.
658 4029 727 4084 Zeit
748 4030 818 4084 leot
841 4047 870 4098 p.
889 4032 933 4084 20.
954 4057 986 4069 -
1029 4029 1067 4083 Μ.
1092 4028 1245 4083 Buchholz.

102 4120 205 4187 Quibus
221 4119 344 4174 lontibus
361 4117 523 4174 Plutarchus
550 4117 579 4171 iu
605 4117 668 4172 vitia
693 4117 773 4172 Fabii
791 4117 905 4172 Mummi
922 4121 953 4172 et
969 4117 1093 4174 Marcelli
1114 4135 1179 4172 naus
1196 4118 1242 4172 sie,

101 4205 291 4275 Gryphswald.
312 4209 389 4262 1865.
783 4195 811 4249 9³
