2842 4642
652 17 693 81 56

97 181 133 248 Τ.
163 181 245 250 Livii
275 181 351 249 libri
377 182 586 252 XXI—XXII
614 185 757 254 lontibus
784 208 818 273 p.
857 189 897 254 10
923 171 1047 273 -'13)
1084 186 1238 254 nonnulla

96 290 159 358 eibi
180 292 310 360 videtur
331 293 506 376 invenisse,
530 316 613 380 quae
634 295 778 364 Silanum
806 297 927 365 fontem
949 295 1156 382 principalem
1177 297 1238 364 Po·

96 399 175 486 lybii
196 400 231 466 in
252 400 337 467 libro
366 401 422 468 ΙΠ.
450 402 550 470 luisse
580 403 813 472 demonstrent.
868 405 956 472 Dicit
986 404 1105 492 igitur,
1130 424 1162 490 p.
1188 407 1238 487 lo,

99 507 270 575 nonnullas
292 530 344 576 ros
366 509 453 594 apud
475 510 644 598 Polybium
666 517 734 579 tam
756 517 907 580 accurate
927 517 1079 579 narratas
1099 531 1179 592 esse,
1200 516 1240 578 ut

96 615 277 683 necessario
289 616 331 682 ad
343 622 460 684 testem
483 619 645 686 oculatum
664 620 826 704 pertinere
848 619 1004 701 debeant;
1024 618 1240 685 Hannibalem

96 729 205 791 autem
228 745 357 810 semper
378 725 500 811 primas
522 734 634 812 partes
657 750 753 814 agere
775 726 1062 814 apudPolybium3
1084 727 1238 794 secundas

97 838 224 900 tantum
247 832 420 902 Romanos.
466 835 572 915 Quare
596 837 719 904 fontem
740 836 867 923 Polybii
897 857 968 903 esse
987 841 1106 904 testem
1129 835 1240 903 ocula-

96 946 166 1008 tum
189 963 325 1028 eumque
346 943 500 1030 Poenum,
521 945 555 1012 id
577 951 627 1012 est
649 946 801 1013 Silenum.
816 983 856 994 -·
881 944 971 1024 Quae
986 945 1014 1010 si
1028 965 1104 1011 rara
1121 949 1240 1026 essent,

98 1071 139 1117 ex
160 1069 233 1117 mea
256 1056 343 1118 certe
373 1054 537 1120 sententia
559 1053 640 1120 nibil
655 1054 743 1120 aliud
765 1053 1032 1134 demonstrarent,
1054 1052 1118 1119 nisi
1138 1075 1159 1119 a
1178 1051 1240 1120 Pc-

97 1158 184 1246 lybio
207 1165 265 1226 aut
286 1163 354 1246 ejus
376 1159 466 1229 fonte
490 1161 704 1229 Hannibalem
734 1163 828 1247 quasi
859 1162 999 1229 omnium
1034 1181 1142 1226 rerum
1170 1181 1240 1228 car-

97 1267 206 1334 dinem
239 1266 436 1354 descriptum
458 1289 549 1353 essc3
580 1275 617 1337 ut
638 1291 715 1338 vero
738 1271 780 1337 de
801 1268 890 1338 fonte
911 1270 1028 1354 punico
1055 1269 1240 1354 cogitemus,

98 1374 178 1442 nihil
200 1397 260 1444 nos
282 1377 378 1463 cogit.
424 1377 550 1445 Silenus
581 1384 689 1446 autem
719 1379 788 1444 sine
816 1377 915 1444 dubio
947 1377 981 1443 in
1011 1377 1098 1444 omni
1125 1397 1241 1444 narra-

98 1485 186 1550 tione
208 1485 322 1570 magis,
345 1507 443 1571 quam
464 1486 602 1571 probum
624 1485 814 1553 historicum
836 1485 938 1570 decet,
952 1485 1127 1553 Hannibali
1148 1485 1241 1570 lavit3

99 1595 189 1679 cujus
212 1593 260 1659 rei
282 1593 370 1678 apud
392 1593 621 1680 Polybium'ne
642 1595 774 1662 minima
796 1595 927 1681 quidem
950 1615 1028 1681 pars
1050 1599 1110 1662 est.

184 1701 262 1768 Fuit
283 1703 384 1788 igitur
405 1701 532 1770 Silenus
552 1703 586 1769 in
607 1703 726 1770 castris
748 1703 958 1786 Hannibalis,
980 1722 1078 1788 quam
1099 1700 1156 1768 diu
1176 1702 1242 1768 lor·

98 1813 181 1875 tuna
201 1829 299 1895 passa
321 1815 371 1876 ast
397 1809 469 1899 (olr.
491 1809 599 1895 Nepos
619 1809 783 1878 Hannibal
805 1832 833 1878 c.
865 1811 924 1894 13,
949 1813 984 1894 3)
1015 1809 1165 1895 idemque
1188 1805 1242 1875 ci·

98 1937 217 1986 corono
247 1923 332 1985 testo
369 1917 612 2004 diligentissime
641 1937 693 1984 res
725 1916 916 1984 Hannibalis
948 1922 1138 2002 persecutus
1169 1921 1242 1996 esta

99 2025 154 2113 (de
175 2025 239 2094 dir.
261 2026 295 2108 I,
318 2029 378 2109 24,
412 2027 469 2113 49)
491 2025 609 2112 quibus
638 2025 747 2093 verbis
774 2025 856 2097 nibil
877 2026 939 2093 nisi
973 2025 1140 2110 scriptoris
1171 2023 1242 2090 dili·

99 2131 241 2216 gentiam
263 2131 447 2216 significari,
468 2137 557 2198 recte
579 2130 713 2198 Peterus
733 2129 756 2200 l.
778 2129 800 2196 l.
822 2150 856 2216 p.
881 2135 921 2196 75
934 2130 1071 2197 monuit.
1114 2128 1242 2214 Itaque,

100 2237 129 2306 si
152 2238 277 2307 Silenus
298 2236 481 2306 Hannibale
509 2238 715 2306 familiariter
730 2288 733 2294 -
748 2258 827 2306 usus
849 2244 917 2322 est,
936 2257 1001 2306 non
1027 2236 1242 2304 dubitandum

102 2346 182 2430 erit,
206 2347 285 2431 quin
295 2367 399 2432 aeque
413 2367 453 2414 ac
473 2345 617 2415 Philinus
640 2345 711 2430 (clr.
733 2344 892 2433 Polybi,
919 2346 974 2430 14)
998 2343 1243 2429 Cartbaginien·

99 2456 183 2523 sium
204 2455 354 2540 partibus
376 2455 471 2522 nimis
492 2454 672 2537 indulserit,
696 2454 783 2540 quod
806 2455 840 2521 in
863 2452 1027 2540 plerisque
1043 2454 1112 2539 ejus
1125 2452 1259 2542 aetatis,

100 2563 313 2650 scriptoribus
335 2564 453 2649 aliquis
473 2562 699 2648 reprehendat.
753 2562 842 2643 Quae
873 2581 947 2628 cum
978 2562 1029 2627 ita
1054 2563 1131 2641 sint,
1164 2579 1241 2626 sane

101 2692 160 2740 nos
181 2673 285 2755 decet,
307 2678 346 2739 nt
368 2671 410 2741 ad
431 2694 531 2739 unum
553 2671 644 2738 illurn
666 2672 772 2739 locum
794 2670 1000 2738 attendamus
1021 2665 1240 2748 animum,ubi

100 2781 209 2848 Livius
239 2780 381 2850 Silenum
410 2780 526 2850 affert:
558 2780 615 2847 lib.
637 2780 764 2863 XXVI,
798 2784 851 2846 49.
877 2778 1084 2865 »scorpiones
1102 2777 1242 2861 majores

101 2890 305 2976 minoresque
338 2887 381 2958 ad
402 2888 471 2956 LX.
495 2895 608 2975 captos
629 2887 833 2974 scripserim,
855 2886 885 2954 si
915 2891 1063 2954 autorem
1083 2883 1243 2951 Graecum

101 3017 220 3084 sequar
241 2999 400 3080 Silenum;
423 2999 451 3065 si
471 2998 636 3064 Valerium
657 2997 836 3079 Antiatem,
858 2998 1018 3082 majorum
1039 2992 1245 3077 scorpionum

102 3127 159 3174 sex
179 3105 280 3190 milia,
302 3108 462 3174 minorum
485 3106 594 3175 decem
616 3107 681 3172 tria
703 3105 809 3173 milia:
829 3105 912 3171 adeo
939 3101 1047 3170 nullus
1068 3099 1244 3168 mentiendi

102 3214 216 3282 modus
238 3221 318 3283 est«
363 3214 435 3282 Hoc
455 3215 555 3301 igitur
573 3214 644 3281 loco
667 3233 820 3280 numerus
836 3211 906 3278 LX.
919 3209 1136 3294 scorpionum,
1150 3227 1245 3295 quom

102 3323 228 3390 Silenus
250 3321 372 3405 attulit,
394 3343 510 3408 parum
531 3321 658 3391 videtur
679 3320 857 3406 probabilis
871 3320 905 3387 in
919 3319 1001 3386 urbo
1008 3315 1244 3397 florentissima,

103 3451 187 3517 quae
208 3451 267 3515 per
288 3425 453 3497 totannos
473 3427 688 3495 Barcidarum
709 3426 994 3495 armamentarium
1015 3423 1087 3504 fuit,
1111 3419 1246 3489 Cartba-

104 3539 177 3626 gine
199 3558 303 3624 nova3
326 3537 463 3604 maxime
487 3542 598 3603 antem
619 3533 885 3622 comparantibus
906 3553 979 3599 cum
1000 3551 1056 3613 ec,
1077 3549 1174 3614 quem
1194 3527 1247 3594 Li·

102 3648 173 3716 vius
200 3648 271 3733 ipse
298 3646 405 3714 XXVI
434 3649 475 3711 47
499 3646 664 3730 sequiturr
687 3631 874 3729 catapultae
897 3641 1056 3708 maximae
1080 3641 1160 3719 1203
1188 3636 1247 3702 mi·

106 3776 202 3824 nores
234 3759 318 3838 2813
346 3753 497 3820 ballistae
529 3755 668 3840 majores
698 3755 741 3817 23
751 3779 764 3832 3
785 3752 925 3818 minores
948 3753 1010 3830 523
1042 3745 1248 3831 scorpionum

103 3886 180 3934 vero
202 3868 297 3931 tanta
317 3861 501 3944 multitudo,
523 3865 645 3946 quanta
668 3860 831 3927 numerari
859 3859 912 3925 vix
934 3857 1051 3942 potuit.
1082 3853 1154 3940 (cfr.
1177 3851 1247 3919 Pol.

104 3973 145 4056 X,
172 3974 233 4058 19.)
275 3970 391 4055 Itaque
412 3989 476 4038 non
509 3969 578 4036 sina
610 3967 721 4055 aliqua
748 3966 897 4035 veritatis
919 3963 1026 4049 specie
1046 3959 1110 4028 dici
1132 3958 1248 4044 possit,

106 4078 207 4146 rerba
229 4098 249 4144 a
270 4077 360 4146 Livio
393 4077 527 4150 addita:
559 4075 661 4145 »adeo
684 4075 792 4143 nullus
813 4071 990 4141 mentiendi
1021 4068 1135 4136 modus
1149 4155 1152 4158 ἦ
1166 4072 1249 4149 est«

109 4184 151 4248 ad
173 4183 314 4251 Silanum
343 4205 444 4272 aequa
473 4187 636 4271 pertinere
665 4189 767 4270 atque
798 4181 840 4250 ad
872 4179 1058 4260 Antiatem
1087 4195 1162 4243 nam
1195 4173 1250 4269 ille
