2842 4642
738 3 782 70 09

158 171 300 240 hostium
323 189 420 238 caesa
441 189 524 253 esse,
547 169 634 259 quod
654 170 861 255 impudenter
881 171 995 239 lictum
1016 191 1090 240 ease
1110 169 1301 257 ipseLivios

158 280 248 348 dicit.
291 278 391 362 XXX,
414 283 466 361 29,
490 282 509 344 6
532 278 681 346 Valerius
704 278 851 362 tradidit,
873 277 1088 346 Hannibalem
1109 298 1131 346 a
1152 277 1301 363 Scipione

158 388 283 475 proelio
305 388 435 469 victum,
458 387 579 472 inquo
603 388 723 468 12‚000
743 386 1016 455 hominnmcaesa
1029 385 1302 470 essentlegatnm

159 519 232 564 cum
257 502 297 564 10
317 497 393 565 aliis
422 496 458 562 in
490 501 598 564 castra
620 495 780 581 Scipionis
809 497 952 577 venisse;
984 494 1072 581 qnod
1098 515 1164 561 non
1195 495 1301 562 minus

158 606 363 692 impudenter
383 605 494 672 fictum
509 605 652 673 videmus
673 626 756 673 esse.
799 604 964 672 Habemus
978 604 1077 690 igitur
1089 604 1178 670 intra
1194 622 1300 687 panca

159 714 269 800 capita
297 718 366 780 tres
388 734 457 795 res,
492 733 631 799 quarum
661 733 760 780 unam
792 718 830 780 nt
861 733 927 780 non
955 711 1160 785 verisimilem
1188 711 1300 778 Livius

158 822 394 911 praetereundo
415 821 519 905 affert,
542 823 679 890 alteram
699 845 734 890 ae
756 842 822 889 nou
831 821 965 890 eredere
974 822 1031 902 ait,
1043 821 1174 888 tertiam
1192 820 1299 906 impu·

159 931 274 1000 denter
302 930 412 998 fictam
445 931 524 998 dicit
547 969 588 982 -
611 931 684 1017 quis
714 931 826 1015 itaque
851 930 936 998 serio
959 928 1144 1011 condentat,
1173 949 1246 994 cum
1266 928 1317 994 iu,

159 1039 210 1107 his
232 1040 312 1125 ipsis
335 1038 494 1124 capitibus
515 1038 617 1106 talem
637 1045 796 1122 autorem,
819 1060 915 1125 quam
939 1037 1196 1123 »impudentem«
1212 1035 1302 1120 dicit,

161 1147 299 1214 maxime
330 1153 476 1214 secutum
498 1147 596 1214 esse?
637 1145 746 1232 Atque
766 1146 830 1214 hoc
862 1146 992 1231 quidem
1018 1146 1090 1212 loco
1119 1145 1154 1210 in
1183 1164 1303 1211 memo·

159 1256 243 1323 riam
266 1255 330 1323 erit
352 1254 581 1337 revocandum,
606 1254 732 1322 Livium
761 1275 821 1339 per
842 1274 953 1322 omnes
979 1253 1117 1320 decadm
1138 1274 1303 1340 nunquam

160 1362 325 1430 Antiatem
346 1368 383 1428 nt
405 1359 569 1430 hominem
590 1361 696 1429 bonae
718 1360 795 1428 fidei
816 1361 950 1443 afferre,
972 1360 1030 1427 scd
1060 1381 1188 1445 semper
1220 1359 1304 1428 tales

160 1490 213 1538 res
235 1469 277 1536 ab
299 1489 338 1536 eo
359 1469 500 1536 traditas
534 1473 861 1548 commemorarent
890 1467 1125 1553 expeditionem
1154 1467 1237 1534 bene
1266 1488 1305 1535 ac

161 1575 298 1642 dilucide
311 1580 479 1644 narratam
501 1597 543 1644 ex
565 1596 604 1643 eo
627 1577 781 1643 haustam
802 1595 873 1644 ease
893 1576 947 1642 vix
968 1575 1301 1661 quisquamputet.—

247 1683 370 1750 Deinde
392 1705 468 1752 vero
490 1683 672 1752 Nitzsohius
693 1705 726 1769 p.
749 1687 813 1751 605
835 1681 980 1765 addidit,
1011 1682 1115 1750 solum
1135 1681 1304 1750 Antiatem

163 1791 254 1876 sigua
284 1793 318 1857 in
345 1792 477 1877 proeliis
507 1795 603 1877 capta
635 1792 888 1874 enumeravisse,
919 1790 1007 1876 quod
1034 1793 1070 1858 in
1101 1790 1185 1858 libro
1213 1788 1304 1857 XXX

163 1899 305 1986 saepius3
334 1901 368 1965 in
396 1899 490 1968 libris
511 1899 723 1968 XXI-XXII
749 1921 915 1985 nunqnam
943 1899 1136 1967 inveniatur.
1189 1898 1304 1984 Itaque

163 2027 274 2074 omnes
294 2005 383 2076 locos
405 2006 507 2092 Livii,
528 2008 563 2074 in
585 2007 702 2093 quibus
725 2007 818 2092 sigua
835 2011 933 2093 capta
953 2004 1123 2091 leguntur,
1144 2004 1187 2074 ad
1209 2004 1305 2071 Vale·

162 2115 247 2182 rium
268 2135 340 2183 esse
361 2114 555 2184 referendos.
577 2153 620 2166 -
641 2115 705 2183 Sed
727 2116 868 2202 primum
888 2114 979 2182 nulla
1000 2135 1099 2184 causa
1126 2112 1303 2199 excogitaui

161 2223 301 2309 potent,
330 2245 388 2290 our
419 2224 519 2292 ceteri
540 2223 723 2291 annalistae
750 2222 845 2291 libris
871 2223 1121 2309 magistratuum
1150 2223 1305 2308 inspectis

162 2332 255 2417 signa
276 2331 429 2417 captain
457 2353 539 2417 opus
560 2353 654 2400 sunm
679 2331 822 2399 inserere
843 2331 1033 2400 noluenint?
1075 2331 1171 2411 Quod
1197 2331 1304 2415 XXX,

164 2443 217 2526 30,
240 2443 270 2506 0.
293 2446 336 2507 et.
360 2442 400 2506 05
434 2444 468 2510 et
490 2443 531 2506 36
561 2440 654 2526 signa
683 2439 882 2522 afferuntur,
910 2437 1066 2506 inlibris
1093 2437 1305 2506 XXI-XXII

161 2551 272 2616 antem
293 2566 358 2613 non
379 2545 551 2632 leguntur,
585 2545 667 2614 nihil
688 2545 778 2614 aliud
798 2545 875 2614 inde
894 2551 1051 2632 apparet,
1080 2545 1144 2612 nisi
1170 2545 1305 2629 fontem,

161 2674 258 2742 quem
287 2652 398 2722 Livius
429 2654 464 2722 in
491 2653 543 2722 hie
570 2653 665 2722 libris
691 2651 905 2740 sequebatur,
933 2652 1016 2720 talia
1044 2673 1111 2721 non
1139 2652 1304 2721 habuisse.

162 2760 229 2829 Sed
248 2759 448 2828 Nitzschium
477 2761 636 2828 erroneae
667 2782 753 2830 unus
781 2759 873 2830 locus
893 2759 977 2828 nivii
1009 2760 1222 2828 demonstrat.
1266 2760 1304 2830 L.

161 2864 363 2948 XXV1,47‚
396 2870 482 2934 6-8
512 2866 709 2954 Carthagine
741 2887 825 2936 nova
854 2873 952 2952 capta
977 2868 1092 2953 ingens
1124 2871 1305 2953 apparatus

162 2971 241 3040 belli
263 2979 466 3056 recensetur,
487 2978 522 3040 et
541 2975 637 3059 atym
657 2975 819 3043 aalma
837 2974 991 3058 LXXIV;
1020 2995 1117 3061 quem
1137 2995 1305 3042 numerum

162 3078 198 3148 in
232 3083 325 3146 tanta
352 3079 432 3146 urbe
470 3099 565 3148 nemo
600 3081 734 3148 nimium
762 3080 858 3149 dicet.
914 3080 1009 3150 Hunc
1040 3088 1149 3149 autem
1185 3080 1303 3164 locum,
1397 3142 1401 3147 .

163 3207 258 3274 quem
286 3186 470 3256 Nitzschins
502 3187 630 3270 omisit,
664 3208 730 3255 non
752 3208 792 3258 ex
813 3187 944 3257 Valerio
965 3194 1129 3275 sumptum
1158 3209 1246 3272 esse,
1268 3188 1305 3256 L

162 3293 287 3379 XXVI,
309 3299 374 3379 49,
408 3299 427 3361 5
451 3295 669 3379 demonstrat,
700 3297 759 3364 ubi
780 3297 897 3364 Antias
921 3298 1008 3365 inter
1028 3318 1085 3366 eos
1106 3298 1303 3381 nominatur,

162 3404 219 3491 qni
242 3403 339 3472 aliter
361 3423 460 3494 quam
480 3403 591 3472 livius
611 3409 796 3472 totamrem
808 3412 1040 3487 namaveraut3
1062 3407 1201 3474 maxime
1216 3406 1304 3493 quod

164 3510 278 3578 Antias
306 3511 428 3578 Arinen
462 3512 579 3596 punico
609 3512 773 3600 praesidio
801 3514 981 3601 praefuisse
1011 3513 1160 3598 dixerat3
1193 3514 1303 3584 Livius

162 3618 343 3706 Magonem.
363 3656 407 3670 —

248 3725 358 3792 Etiam
389 3747 542 3794 numerus
573 3732 810 3796 tormentorum
844 3734 1032 3816 captorum,
1063 3749 1160 3817 quem
1194 3728 1303 3797 Livius

162 3834 323 3921 seqnitur,
358 3853 380 3900 a
408 3833 536 3903 Valerio
565 3835 710 3904 diversus
740 3842 800 3905 est.
844 3837 935 3918 Quae
967 3859 1040 3906 cum
1062 3839 1111 3907 ita
1132 3839 1214 3920 sint,
1236 3858 1303 3906 cer·

160 3944 287 4012 tissime
313 3945 462 4025 constat,
497 3963 538 4011 ex
567 3943 632 4012 illis
662 3943 763 4030 signis
793 3946 901 4031 captis
933 3946 1014 4014 nihil
1035 3944 1175 4013 condudi
1194 3966 1303 4032 posse,

164 4071 235 4118 cnm
257 4047 438 4133 complures
461 4048 636 4135 sosiptores
659 4069 699 4118 ea
719 4050 921 4138 referant⁴⁶).

236 4175 283 4246 lt)
301 4175 376 4232 Haeo
392 4189 500 4247 qnoque
517 4174 608 4249 aliquo
626 4175 710 4234 modo
728 4176 783 4235 nti
798 4181 965 4250 repugnante
982 4175 1105 4235 tonsu.
1121 4176 1171 4234 tl.
1188 4192 1218 4249 p.
1235 4178 1303 4239 000:
