2842 4642
721 7 760 72 15

160 180 406 248 accuratissima
430 179 473 246 de
496 177 654 263 Scipionis
676 179 819 246 consiliis
849 178 997 264 exposita
1019 183 1114 262 sunt,
1137 179 1224 264 apud
1247 180 1313 247 Lis.

162 309 227 354 non
249 293 341 371 sunt;
363 288 419 373 qni
436 293 559 369 narrat,
582 287 765 371 Scipionem
787 287 881 352 initio
902 287 987 353 veris
1011 290 1076 351 210
1096 287 1192 353 classi
1214 293 1315 372 atque

162 397 306 464 exercitu
328 395 371 462 ad
393 415 430 462 os
452 394 567 462 Hiberi
588 400 765 462 convocato
794 395 902 478 ipsum
923 393 1163 478 cumqninqne
1184 394 1315 462 milibus

164 507 326 573 sociorum
348 504 460 572 eodem
483 503 697 582 contendisse,
719 503 829 587 ibique
851 503 894 568 nd
911 509 1036 570 veteres
1054 503 1173 570 milites
1193 503 1315 569 oratio·

165 631 238 677 nem
261 610 424 677 habuisse.
467 608 556 674 llaec
574 609 682 675 omnia
704 606 793 692 apud
808 606 975 693 Polybium
997 627 1062 672 non
1074 607 1235 692 leguntur,
1257 627 1313 673 ne-

164 741 230 804 que
249 720 361 786 tamma
387 717 519 784 aLivio
550 717 628 782 ficta
660 736 731 782 esse
760 719 915 800 possunt,
957 735 1031 780 cnm
1074 715 1315 781 accuratissime

164 827 296 908 indicet,
319 825 480 910 quomodo
502 845 715 910 unaquaeque
730 845 785 890 res
807 827 903 908 gesta
923 825 975 889 sit
1019 822 1108 902 Quae
1130 843 1204 889 vero
1226 823 1312 908 apud

165 935 233 1000 Lis.
256 955 284 1000 c.
309 936 439 998 41-44
462 937 630 1016 sequntur,
652 953 726 998 cnm
748 931 781 997 in
803 930 934 1017 optimis
956 929 1120 997 codicibus
1141 928 1258 1013 desint,
1280 929 1314 995 ln

166 1041 356 1127 posterioris
378 1039 497 1106 aetatis
520 1038 748 1123 manuscriptis
775 1037 818 1104 ab
840 1037 969 1104 homine
990 1037 1130 1122 quodam
1152 1035 1249 1103 docto
1271 1035 1314 1102 ad

164 1150 312 1218 bennam
336 1147 528 1232 explendam
551 1147 701 1214 sidentur
722 1145 897 1233 additam).

232 1255 326 1336 Quod
348 1276 461 1324 revers
482 1255 530 1322 ita
552 1275 587 1322 se
609 1254 740 1337 habere,
759 1256 828 1340 jam
840 1253 918 1320 inde
928 1250 1075 1318 concludi
1085 1257 1204 1336 potest,
1227 1252 1314 1337 quod

165 1364 328 1451 usquead
346 1365 429 1430 hanc
444 1364 593 1432 lacunam
603 1364 714 1430 Livius
733 1362 897 1449 aPolybio
913 1381 1144 1446 nonnunquam
1165 1361 1314 1430 diversus

165 1479 231 1553 est;
250 1473 286 1539 in
308 1473 369 1539 hac
380 1471 573 1557 ipsaautem
584 1471 702 1538 houna
712 1469 889 1538 deteriores
901 1471 1027 1538 codices
1038 1470 1080 1536 ad
1093 1469 1227 1536 verbum
1239 1490 1312 1536 cum

126 1591 130 1598 “
166 1603 205 1650 eo
227 1581 442 1648 consentiunt.
487 1580 577 1660 Quae
598 1579 738 1646 imitatio
766 1583 862 1646 tanta
883 1583 951 1660 est,
979 1583 1018 1644 nt
1046 1582 1211 1644 corrector
1232 1576 1314 1644 Livii

166 1689 248 1756 haec
270 1689 378 1756 omnia
400 1687 567 1774 Polybium
589 1692 737 1770 secutus,
759 1686 923 1752 addidisse
935 1685 1067 1766 debeat,
1091 1706 1194 1768 neque
1216 1682 1312 1750 intel·

165 1797 302 1879 lesisse,
332 1820 368 1864 se
390 1803 449 1864 aut
469 1818 541 1862 cnm
562 1795 665 1880 ipsius
686 1795 769 1861 Livii
790 1794 897 1862 verbis
918 1793 1135 1878 repugnantia
1161 1792 1314 1875 scribere,

167 1911 227 1973 aut
247 1907 368 1990 inepta.
413 1904 493 1972 Tres
516 1905 601 1970 enim
623 1905 721 1970 duces
745 1901 1058 1987 Carthaginiensium
1078 1902 1164 1969 inter
1185 1922 1222 1968 se
1244 1921 1315 1968 esse

167 2013 340 2095 discordes,
363 2013 451 2098 quod
472 2013 597 2080 Livium
619 2033 779 2098 nusquam
808 2029 1075 2078 commemorasse
1106 2029 1207 2095 supra
1233 2009 1314 2075 vidi·

168 2144 256 2205 mus,
279 2121 515 2207 praetereundo
537 2127 664 2188 tantum
686 2121 720 2188 in
742 2119 901 2204 Scipionis
923 2118 1071 2185 oratione
1080 2116 1195 2199 XXVI,
1207 2121 1260 2198 41,
1273 2120 1316 2180 20

168 2229 274 2312 affert,
297 2248 402 2315 neque
424 2229 588 2316 intelligit,
609 2251 679 2296 rem
701 2227 923 2314 gravissimam
937 2227 984 2292 sic
999 2226 1112 2292 confici
1134 2245 1314 2310 nonposse.

167 2337 296 2406 Deinde
318 2359 390 2406 cum
412 2338 500 2423 apud
524 2337 635 2424 Polyb.
658 2336 699 2419 X,
728 2341 778 2418 11,
804 2340 841 2401 11
866 2335 1049 2419 Scipionem
1063 2332 1314 2401 orationemba-

167 2447 278 2514 baisse
299 2447 441 2528 videret,
463 2447 534 2532 ipse
556 2465 686 2531 quoque
707 2465 735 2512 c.
759 2448 802 2509 43
823 2443 1005 2510 orationem
1025 2442 1153 2526 inserit,
1176 2462 1241 2508 non
1261 2462 1313 2508 re·

168 2556 319 2642 apiciana,
342 2577 377 2624 se
389 2560 464 2622 etl
477 2555 605 2622 demum
628 2554 771 2641 ejusdem
788 2553 849 2620 viri
863 2552 1044 2620 orationem
1066 2551 1246 2637 scripsisse;
1267 2551 1315 2617 ita

167 2668 206 2730 ut
227 2663 335 2750 Scipio
358 2662 506 2730 videatur
528 2663 653 2730 dicendi
676 2682 841 2747 nunqnam
870 2661 967 2728 linem
992 2659 1117 2728 iecisse.
1168 2657 1313 2737 Accedit,

167 2771 255 2858 quod
277 2771 430 2839 nonnulla
452 2772 486 2837 in
507 2770 677 2838 verborum
700 2769 846 2837 ordinem
872 2770 1011 2853 recepit,
1039 2788 1126 2852 qnae
1146 2766 1256 2833 Livius
1278 2766 1314 2832 in

167 2879 302 2966 Polybio
324 2881 479 2948 vertendo
500 2880 688 2966 saepissime
708 2881 860 2948 omittere
874 2878 1017 2959 solebat,
1039 2875 1173 2943 consilis
1187 2874 1310 2959 Scipio·

79 3061 82 3066 ,
166 2989 232 3071 nis,
254 2989 350 3054 situm
363 2987 579 3074 Carthaginis.
622 2987 717 3054 Hanc
736 2988 842 3072 ipsam
862 3006 938 3052 vero
961 2987 1042 3051 situs
1062 2983 1311 3068 descriptionem

168 3096 297 3165 brevius
319 3098 447 3182 quidem
470 3096 650 3178 contraxit,
673 3095 731 3162 sed
753 3117 826 3162 cnm
847 3093 934 3178 apud
956 3091 1067 3179 Polyb.
1090 3091 1129 3174 X,
1153 3095 1216 3175 9,8
1237 3110 1311 3156 eam

167 3207 203 3272 in
225 3205 330 3273 forma
351 3206 517 3290 digressus
540 3227 561 3271 a
582 3205 749 3290 proposito
779 3204 935 3271 insertam
964 3202 1103 3282 rideret,
1132 3200 1202 3286 ipse
1230 3220 1311 3284 qno-

169 3336 233 3400 que
254 3335 314 3400 per
335 3314 514 3400 digressum
536 3314 655 3380 oritur:
686 3312 856 3395 „Ceterum
886 3313 950 3379 sita
972 3309 1134 3396 Carthago
1156 3309 1203 3376 sic
1225 3313 1313 3390 cst“;

168 3445 265 3508 quam
287 3425 465 3503 rationem,
487 3424 521 3490 in
543 3423 679 3490 historia
701 3420 933 3490 conscribenda
946 3419 1082 3487 docendi
1105 3418 1314 3486 abivioessc

167 3531 413 3614 alienissimam,
445 3532 518 3617 quis
540 3536 608 3614 est,
631 3530 687 3617 qui
707 3530 857 3617 ignoret?
879 3567 922 3580 -
954 3529 1005 3596 dd
1036 3534 1215 3596 extremum
1241 3546 1314 3593 cor·

167 3645 291 3723 rector,
312 3646 351 3707 ut
373 3641 414 3707 de
436 3641 510 3708 aliis
531 3639 628 3709 rebus
650 3646 795 3724 mecam,
828 3638 890 3707 sub
911 3638 1008 3706 mem
1030 3658 1058 3706 c.
1081 3641 1124 3704 43
1144 3637 1314 3717 rationem,

242 3841 288 3907 lt)
307 3838 408 3895 Omnes
426 3839 535 3897 codices
546 3839 639 3910 paullo
650 3841 819 3910 antiquiores
836 3838 909 3896 banc
918 3839 1044 3895 lacunam
1056 3853 1112 3892 non
1130 3835 1319 3906 expleverunt.

165 3931 317 3988 Puteaneus
335 3933 408 3988 enim
433 3931 529 3988 babet:
565 3932 638 3986 »sins
661 3951 726 3987 meo
751 3935 828 3988 luctu
851 3949 933 4003 quem
951 3930 1121 3991 armaverat,
1137 3944 1222 3996 quum
1240 3929 1315 3980 terra

166 4026 289 4097 marique
306 4026 405 4082 instrui
423 4031 510 4096 etc.‹;
528 4025 601 4080 unde
612 4031 737 4097 apparet,
754 4027 879 4082 lacunam
896 4041 956 4080 esse
967 4020 1194 4092 antiquissimam,
1211 4023 1241 4075 at
1257 4019 1315 4089 jam

166 4119 196 4173 in
214 4136 248 4176 eo
266 4119 416 4190 examplari
433 4118 529 4190 fuisse,
546 4119 620 4188 quod
638 4119 700 4174 Pnt.
718 4119 849 4189 sequitur.

238 4211 289 4270 cir.
307 4213 428 4284 Madvig,
445 4211 650 4268 emendationes
668 4212 807 4270 Livianae.
825 4230 852 4283 p.
872 4215 934 4270 203.
968 4205 1176 4266 Drakenborch.
1192 4204 1237 4264 ad
1254 4205 1281 4261 b.
1299 4205 1318 4260 l.
1412 4256 1413 4287 ,
