<?xml version="1.0" encoding="UTF-8"?>
<!DOCTYPE html PUBLIC "-//W3C//DTD XHTML 1.0 Transitional//EN"
    "http://www.w3.org/TR/xhtml1/DTD/xhtml1-transitional.dtd">
<html xmlns="http://www.w3.org/1999/xhtml" xml:lang="en" lang="en">
 <head>
  <title>
</title>
<meta http-equiv="Content-Type" content="text/html;charset=utf-8" />
  <meta name='ocr-system' content='tesseract 3.04.00' />
  <meta name='ocr-capabilities' content='ocr_page ocr_carea ocr_par ocr_line ocrx_word'/>
</head>
<body>
  <div class='ocr_page' id='page_1' title='image "./liviusetpolybiu03friegoog_0034.png"; bbox 0 0 2842 4642; ppageno 0'>
   <div class='ocr_carea' id='block_1_1' title="bbox 660 5 701 70">
    <p class='ocr_par' dir='ltr' id='par_1_1' title="bbox 660 5 701 70">
     <span class='ocr_line' id='line_1_1' title="bbox 660 5 701 70; baseline 0 0"><span class='ocrx_word' id='word_1_1' title='bbox 660 5 701 70; x_wconf 84' lang='lat'><strong>30</strong></span> 
     </span>
    </p>
   </div>
   <div class='ocr_carea' id='block_1_2' title="bbox 23 174 1259 907">
    <p class='ocr_par' dir='ltr' id='par_1_2' title="bbox 115 174 1259 476">
     <span class='ocr_line' id='line_1_2' title="bbox 115 174 1259 261; baseline 0 -17"><span class='ocrx_word' id='word_1_2' title='bbox 115 178 204 258; x_wconf 85' lang='lat' dir='ltr'><strong>sint,</strong></span> <span class='ocrx_word' id='word_1_3' title='bbox 223 197 288 244; x_wconf 90' lang='lat' dir='ltr'><strong>non</strong></span> <span class='ocrx_word' id='word_1_4' title='bbox 308 174 449 243; x_wconf 85' lang='lat' dir='ltr'><strong>additur.</strong></span> <span class='ocrx_word' id='word_1_5' title='bbox 492 175 553 242; x_wconf 85' lang='lat' dir='ltr'><strong>Est</strong></span> <span class='ocrx_word' id='word_1_6' title='bbox 586 176 687 261; x_wconf 86' lang='lat' dir='ltr'><strong>igitur</strong></span> <span class='ocrx_word' id='word_1_7' title='bbox 715 182 785 244; x_wconf 78' lang='lat' dir='ltr'><strong>tarn</strong></span> <span class='ocrx_word' id='word_1_8' title='bbox 810 176 892 244; x_wconf 76' lang='lat' dir='ltr'><strong>eutle</strong></span> <span class='ocrx_word' id='word_1_9' title='bbox 923 182 957 244; x_wconf 88' lang='lat' dir='ltr'><strong>et</strong></span> <span class='ocrx_word' id='word_1_10' title='bbox 977 182 1076 247; x_wconf 86' lang='lat' dir='ltr'><strong>tenue</strong></span> <span class='ocrx_word' id='word_1_11' title='bbox 1103 177 1259 246; x_wconf 79' lang='lat' dir='ltr'><strong>ramundi</strong></span> 
     </span>
     <span class='ocr_line' id='line_1_3' title="bbox 116 281 1258 372; baseline 0.001 -22"><span class='ocrx_word' id='word_1_12' title='bbox 116 303 236 370; x_wconf 83' lang='lat' dir='ltr'><strong>genus,</strong></span> <span class='ocrx_word' id='word_1_13' title='bbox 268 287 306 363; x_wconf 90' lang='lat' dir='ltr'><strong>ut</strong></span> <span class='ocrx_word' id='word_1_14' title='bbox 337 304 409 348; x_wconf 91' lang='lat' dir='ltr'><strong>curn</strong></span> <span class='ocrx_word' id='word_1_15' title='bbox 431 302 470 349; x_wconf 93' lang='lat' dir='ltr'><strong>eo</strong></span> <span class='ocrx_word' id='word_1_16' title='bbox 495 281 701 372; x_wconf 84' lang='lat' dir='ltr'><strong>Ioute,quem</strong></span> <span class='ocrx_word' id='word_1_17' title='bbox 723 305 825 369; x_wconf 87' lang='lat' dir='ltr'><strong>supra</strong></span> <span class='ocrx_word' id='word_1_18' title='bbox 843 285 1039 368; x_wconf 78' lang='lat' dir='ltr'><strong>invenimus,</strong></span> <span class='ocrx_word' id='word_1_19' title='bbox 1061 284 1258 352; x_wconf 83' lang='lat' dir='ltr'><strong>nullomodo</strong></span> 
     </span>
     <span class='ocr_line' id='line_1_4' title="bbox 115 388 589 476; baseline -0.017 -16"><span class='ocrx_word' id='word_1_20' title='bbox 115 391 296 474; x_wconf 88' lang='lat' dir='ltr'><strong>comparari</strong></span> <span class='ocrx_word' id='word_1_21' title='bbox 318 390 421 474; x_wconf 89' lang='lat' dir='ltr'><strong>possit</strong></span> <span class='ocrx_word' id='word_1_22' title='bbox 436 388 486 476; x_wconf 83' lang='lat'><strong>⁸⁰).</strong></span> <span class='ocrx_word' id='word_1_23' title='bbox 587 403 589 410; x_wconf 61' lang='lat'><strong><em>⁴</em></strong></span> 
     </span>
    </p>

    <p class='ocr_par' dir='ltr' id='par_1_3' title="bbox 23 497 1259 907">
     <span class='ocr_line' id='line_1_5' title="bbox 205 497 1258 582; baseline 0.005 -19"><span class='ocrx_word' id='word_1_24' title='bbox 205 497 320 582; x_wconf 87' lang='lat' dir='ltr'><strong>Itaque</strong></span> <span class='ocrx_word' id='word_1_25' title='bbox 342 497 369 564; x_wconf 86' lang='lat' dir='ltr'><strong>ai</strong></span> <span class='ocrx_word' id='word_1_26' title='bbox 391 497 433 563; x_wconf 88' lang='lat' dir='ltr'><strong>ad</strong></span> <span class='ocrx_word' id='word_1_27' title='bbox 459 518 498 563; x_wconf 88' lang='lat' dir='ltr'><strong>ea</strong></span> <span class='ocrx_word' id='word_1_28' title='bbox 519 497 725 581; x_wconf 77' lang='lat' dir='ltr'><strong>respicimur,</strong></span> <span class='ocrx_word' id='word_1_29' title='bbox 748 519 832 582; x_wconf 86' lang='lat' dir='ltr'><strong>quae</strong></span> <span class='ocrx_word' id='word_1_30' title='bbox 854 499 895 565; x_wconf 91' lang='lat' dir='ltr'><strong>de</strong></span> <span class='ocrx_word' id='word_1_31' title='bbox 916 499 1015 567; x_wconf 86' lang='lat' dir='ltr'><strong>rebus</strong></span> <span class='ocrx_word' id='word_1_32' title='bbox 1036 520 1056 567; x_wconf 89' lang='lat' dir='ltr'><strong>a</strong></span> <span class='ocrx_word' id='word_1_33' title='bbox 1077 500 1112 566; x_wconf 86' lang='lat' dir='ltr'><strong>P.</strong></span> <span class='ocrx_word' id='word_1_34' title='bbox 1134 499 1258 568; x_wconf 80' lang='lat' dir='ltr'><strong>(lorne-</strong></span> 
     </span>
     <span class='ocr_line' id='line_1_6' title="bbox 114 602 1259 690; baseline 0.002 -20"><span class='ocrx_word' id='word_1_35' title='bbox 114 604 159 671; x_wconf 91' lang='lat' dir='ltr'><strong>lio</strong></span> <span class='ocrx_word' id='word_1_36' title='bbox 181 603 329 688; x_wconf 83' lang='lat' dir='ltr'><strong>Scipione</strong></span> <span class='ocrx_word' id='word_1_37' title='bbox 350 603 384 669; x_wconf 90' lang='lat' dir='ltr'><strong>in</strong></span> <span class='ocrx_word' id='word_1_38' title='bbox 406 602 566 688; x_wconf 76' lang='lat' dir='ltr'><strong>Hispania</strong></span> <span class='ocrx_word' id='word_1_39' title='bbox 587 605 686 688; x_wconf 86' lang='lat' dir='ltr'><strong>gestis</strong></span> <span class='ocrx_word' id='word_1_40' title='bbox 704 611 891 687; x_wconf 89' lang='lat' dir='ltr'><strong>narrantur,</strong></span> <span class='ocrx_word' id='word_1_41' title='bbox 902 605 1136 690; x_wconf 88' lang='lat' dir='ltr'><strong>profitebimur,</strong></span> <span class='ocrx_word' id='word_1_42' title='bbox 1149 606 1259 672; x_wconf 89' lang='lat' dir='ltr'><strong>omnia</strong></span> 
     </span>
     <span class='ocr_line' id='line_1_7' title="bbox 116 711 1257 799; baseline 0.001 -21"><span class='ocrx_word' id='word_1_43' title='bbox 116 713 172 778; x_wconf 90' lang='lat' dir='ltr'><strong>uui</strong></span> <span class='ocrx_word' id='word_1_44' title='bbox 194 712 275 778; x_wconf 88' lang='lat' dir='ltr'><strong>Ionti</strong></span> <span class='ocrx_word' id='word_1_45' title='bbox 295 711 418 791; x_wconf 88' lang='lat' dir='ltr'><strong>deberi,</strong></span> <span class='ocrx_word' id='word_1_46' title='bbox 443 711 524 778; x_wconf 89' lang='lat' dir='ltr'><strong>satis</strong></span> <span class='ocrx_word' id='word_1_47' title='bbox 548 711 633 778; x_wconf 80' lang='lat' dir='ltr'><strong>bono</strong></span> <span class='ocrx_word' id='word_1_48' title='bbox 656 712 825 798; x_wconf 84' lang='lat' dir='ltr'><strong>dignoque,</strong></span> <span class='ocrx_word' id='word_1_49' title='bbox 845 735 940 799; x_wconf 89' lang='lat' dir='ltr'><strong>quem</strong></span> <span class='ocrx_word' id='word_1_50' title='bbox 961 714 1071 781; x_wconf 83' lang='lat' dir='ltr'><strong>Liuius</strong></span> <span class='ocrx_word' id='word_1_51' title='bbox 1091 721 1257 799; x_wconf 87' lang='lat' dir='ltr'><strong>sequatur.</strong></span> 
     </span>
     <span class='ocr_line' id='line_1_8' title="bbox 23 817 1258 907; baseline 0.002 -22"><span class='ocrx_word' id='word_1_52' title='bbox 23 822 33 836; x_wconf 84' lang='lat'>&#39;</span> <span class='ocrx_word' id='word_1_53' title='bbox 116 819 206 885; x_wconf 90' lang='lat' dir='ltr'><strong>Idem</strong></span> <span class='ocrx_word' id='word_1_54' title='bbox 227 839 302 886; x_wconf 87' lang='lat' dir='ltr'><strong>vero</strong></span> <span class='ocrx_word' id='word_1_55' title='bbox 326 817 397 885; x_wconf 87' lang='lat' dir='ltr'><strong>Ione</strong></span> <span class='ocrx_word' id='word_1_56' title='bbox 422 817 595 903; x_wconf 83' lang='lat' dir='ltr'><strong>aPolybio</strong></span> <span class='ocrx_word' id='word_1_57' title='bbox 618 826 794 903; x_wconf 85' lang='lat' dir='ltr'><strong>usurpatus</strong></span> <span class='ocrx_word' id='word_1_58' title='bbox 817 827 876 903; x_wconf 85' lang='lat' dir='ltr'><strong>est,</strong></span> <span class='ocrx_word' id='word_1_59' title='bbox 899 821 984 888; x_wconf 90' lang='lat' dir='ltr'><strong>unde</strong></span> <span class='ocrx_word' id='word_1_60' title='bbox 1006 826 1160 907; x_wconf 88' lang='lat' dir='ltr'><strong>apparet,</strong></span> <span class='ocrx_word' id='word_1_61' title='bbox 1183 843 1258 888; x_wconf 91' lang='lat' dir='ltr'><strong>eum</strong></span> 
     </span>
    </p>
   </div>
   <div class='ocr_carea' id='block_1_3' title="bbox 38 925 1260 3163">
    <p class='ocr_par' dir='ltr' id='par_1_4' title="bbox 38 925 1259 1334">
     <span class='ocr_line' id='line_1_9' title="bbox 112 925 1258 1009; baseline 0.003 -17"><span class='ocrx_word' id='word_1_62' title='bbox 112 947 178 992; x_wconf 92' lang='lat' dir='ltr'><strong>non</strong></span> <span class='ocrx_word' id='word_1_63' title='bbox 186 927 322 993; x_wconf 89' lang='lat' dir='ltr'><strong>multum</strong></span> <span class='ocrx_word' id='word_1_64' title='bbox 333 926 375 993; x_wconf 89' lang='lat' dir='ltr'><strong>ab</strong></span> <span class='ocrx_word' id='word_1_65' title='bbox 388 933 495 994; x_wconf 89' lang='lat' dir='ltr'><strong>aetate</strong></span> <span class='ocrx_word' id='word_1_66' title='bbox 502 925 579 993; x_wconf 90' lang='lat' dir='ltr'><strong>belli</strong></span> <span class='ocrx_word' id='word_1_67' title='bbox 591 926 703 992; x_wconf 88' lang='lat' dir='ltr'><strong>Punici</strong></span> <span class='ocrx_word' id='word_1_68' title='bbox 711 927 843 994; x_wconf 87' lang='lat' dir='ltr'><strong>distare.</strong></span> <span class='ocrx_word' id='word_1_69' title='bbox 856 927 967 995; x_wconf 87' lang='lat' dir='ltr'><strong>-Sed</strong></span> <span class='ocrx_word' id='word_1_70' title='bbox 979 928 1126 995; x_wconf 87' lang='lat' dir='ltr'><strong>baecbac</strong></span> <span class='ocrx_word' id='word_1_71' title='bbox 1140 934 1235 995; x_wconf 90' lang='lat' dir='ltr'><strong>tenus</strong></span> <span class='ocrx_word' id='word_1_72' title='bbox 1248 949 1258 1009; x_wconf 81' lang='lat'>3</span> 
     </span>
     <span class='ocr_line' id='line_1_10' title="bbox 112 1035 1258 1122; baseline 0.002 -22"><span class='ocrx_word' id='word_1_73' title='bbox 112 1039 180 1122; x_wconf 90' lang='lat' dir='ltr'><strong>jam</strong></span> <span class='ocrx_word' id='word_1_74' title='bbox 203 1040 407 1102; x_wconf 87' lang='lat' dir='ltr'><strong>transeamus</strong></span> <span class='ocrx_word' id='word_1_75' title='bbox 429 1035 471 1101; x_wconf 89' lang='lat' dir='ltr'><strong>ad</strong></span> <span class='ocrx_word' id='word_1_76' title='bbox 494 1035 630 1101; x_wconf 88' lang='lat' dir='ltr'><strong>alteram</strong></span> <span class='ocrx_word' id='word_1_77' title='bbox 653 1037 850 1119; x_wconf 74' lang='lat' dir='ltr'><strong>quaestionis</strong></span> <span class='ocrx_word' id='word_1_78' title='bbox 863 1057 884 1103; x_wconf 93' lang='lat' dir='ltr'><strong>a</strong></span> <span class='ocrx_word' id='word_1_79' title='bbox 897 1037 991 1104; x_wconf 89' lang='lat' dir='ltr'><strong>uobis</strong></span> <span class='ocrx_word' id='word_1_80' title='bbox 1002 1039 1172 1105; x_wconf 82' lang='lat' dir='ltr'><strong>institutae</strong></span> <span class='ocrx_word' id='word_1_81' title='bbox 1181 1059 1258 1122; x_wconf 90' lang='lat' dir='ltr'><strong>par·</strong></span> 
     </span>
     <span class='ocr_line' id='line_1_11' title="bbox 115 1141 1259 1230; baseline 0.003 -23"><span class='ocrx_word' id='word_1_82' title='bbox 115 1147 181 1208; x_wconf 91' lang='lat' dir='ltr'><strong>tem</strong></span> <span class='ocrx_word' id='word_1_83' title='bbox 207 1148 305 1227; x_wconf 89' lang='lat' dir='ltr'><strong>atque</strong></span> <span class='ocrx_word' id='word_1_84' title='bbox 326 1141 580 1226; x_wconf 88' lang='lat' dir='ltr'><strong>contemplemur</strong></span> <span class='ocrx_word' id='word_1_85' title='bbox 602 1144 822 1209; x_wconf 77' lang='lat' dir='ltr'><strong>narrationem</strong></span> <span class='ocrx_word' id='word_1_86' title='bbox 839 1164 953 1230; x_wconf 16' lang='lat' dir='ltr'><strong>‘rerum</strong></span> <span class='ocrx_word' id='word_1_87' title='bbox 973 1147 1008 1209; x_wconf 90' lang='lat' dir='ltr'><strong>in</strong></span> <span class='ocrx_word' id='word_1_88' title='bbox 1029 1145 1173 1210; x_wconf 81' lang='lat' dir='ltr'><strong>Africae</strong></span> <span class='ocrx_word' id='word_1_89' title='bbox 1190 1143 1259 1210; x_wconf 89' lang='lat' dir='ltr'><strong>Sei·</strong></span> 
     </span>
     <span class='ocr_line' id='line_1_12' title="bbox 38 1250 408 1334; baseline 0 -20"><span class='ocrx_word' id='word_1_90' title='bbox 38 1269 42 1278; x_wconf 92' lang='lat'>·</span> <span class='ocrx_word' id='word_1_91' title='bbox 115 1250 211 1334; x_wconf 81' lang='lat' dir='ltr'><strong>piosa</strong></span> <span class='ocrx_word' id='word_1_92' title='bbox 233 1254 408 1334; x_wconf 88' lang='lat' dir='ltr'><strong>gestarum.</strong></span> 
     </span>
    </p>

    <p class='ocr_par' dir='ltr' id='par_1_5' title="bbox 114 1355 1260 2086">
     <span class='ocr_line' id='line_1_13' title="bbox 201 1355 1258 1446; baseline 0.005 -24"><span class='ocrx_word' id='word_1_93' title='bbox 201 1357 239 1422; x_wconf 92' lang='lat' dir='ltr'><strong>In</strong></span> <span class='ocrx_word' id='word_1_94' title='bbox 261 1356 343 1422; x_wconf 92' lang='lat' dir='ltr'><strong>libro</strong></span> <span class='ocrx_word' id='word_1_95' title='bbox 366 1356 467 1442; x_wconf 85' lang='lat' dir='ltr'><strong>igitur</strong></span> <span class='ocrx_word' id='word_1_96' title='bbox 488 1355 609 1438; x_wconf 86' lang='lat' dir='ltr'>XXIX,</span> <span class='ocrx_word' id='word_1_97' title='bbox 632 1377 704 1423; x_wconf 89' lang='lat' dir='ltr'><strong>oum</strong></span> <span class='ocrx_word' id='word_1_98' title='bbox 727 1357 852 1424; x_wconf 90' lang='lat' dir='ltr'><strong>nullum</strong></span> <span class='ocrx_word' id='word_1_99' title='bbox 874 1360 1089 1444; x_wconf 83' lang='lat' dir='ltr'><strong>fragmentum</strong></span> <span class='ocrx_word' id='word_1_100' title='bbox 1110 1359 1258 1446; x_wconf 82' lang='lat' dir='ltr'><strong>Polybia-</strong></span> 
     </span>
     <span class='ocr_line' id='line_1_14' title="bbox 114 1463 1260 1553; baseline 0.003 -21"><span class='ocrx_word' id='word_1_101' title='bbox 114 1487 191 1532; x_wconf 91' lang='lat' dir='ltr'><strong>num</strong></span> <span class='ocrx_word' id='word_1_102' title='bbox 214 1469 331 1546; x_wconf 86' lang='lat' dir='ltr'><strong>exstet,</strong></span> <span class='ocrx_word' id='word_1_103' title='bbox 354 1463 441 1548; x_wconf 90' lang='lat' dir='ltr'><strong>quod</strong></span> <span class='ocrx_word' id='word_1_104' title='bbox 464 1485 535 1530; x_wconf 91' lang='lat' dir='ltr'><strong>cum</strong></span> <span class='ocrx_word' id='word_1_105' title='bbox 560 1464 649 1530; x_wconf 81' lang='lat' dir='ltr'><strong>Liuio</strong></span> <span class='ocrx_word' id='word_1_106' title='bbox 663 1466 842 1549; x_wconf 82' lang='lat' dir='ltr'><strong>comparari</strong></span> <span class='ocrx_word' id='word_1_107' title='bbox 856 1467 969 1552; x_wconf 89' lang='lat' dir='ltr'><strong>possit,</strong></span> <span class='ocrx_word' id='word_1_108' title='bbox 983 1468 1180 1553; x_wconf 78' lang='lat' dir='ltr'><strong>pedetentim</strong></span> <span class='ocrx_word' id='word_1_109' title='bbox 1195 1469 1260 1535; x_wconf 88' lang='lat' dir='ltr'><strong>erit</strong></span> 
     </span>
     <span class='ocr_line' id='line_1_15' title="bbox 119 1569 1259 1659; baseline 0.004 -23"><span class='ocrx_word' id='word_1_110' title='bbox 119 1569 401 1656; x_wconf 85' lang='lat' dir='ltr'><strong>progrediendum.</strong></span> <span class='ocrx_word' id='word_1_111' title='bbox 445 1569 507 1636; x_wconf 87' lang='lat' dir='ltr'><strong>Sed</strong></span> <span class='ocrx_word' id='word_1_112' title='bbox 537 1592 609 1637; x_wconf 90' lang='lat' dir='ltr'><strong>cum</strong></span> <span class='ocrx_word' id='word_1_113' title='bbox 642 1592 681 1637; x_wconf 89' lang='lat' dir='ltr'><strong>ea</strong></span> <span class='ocrx_word' id='word_1_114' title='bbox 702 1569 847 1639; x_wconf 88' lang='lat' dir='ltr'><strong>Nissenii</strong></span> <span class='ocrx_word' id='word_1_115' title='bbox 874 1573 1076 1659; x_wconf 90' lang='lat' dir='ltr'><strong>aliorumque</strong></span> <span class='ocrx_word' id='word_1_116' title='bbox 1098 1576 1259 1642; x_wconf 86' lang='lat' dir='ltr'><strong>sententia</strong></span> 
     </span>
     <span class='ocr_line' id='line_1_16' title="bbox 114 1677 1258 1764; baseline 0.003 -19"><span class='ocrx_word' id='word_1_117' title='bbox 114 1679 261 1745; x_wconf 84' lang='lat' dir='ltr'><strong>rideatur</strong></span> <span class='ocrx_word' id='word_1_118' title='bbox 281 1679 426 1764; x_wconf 90' lang='lat' dir='ltr'><strong>proxime</strong></span> <span class='ocrx_word' id='word_1_119' title='bbox 449 1677 491 1743; x_wconf 87' lang='lat' dir='ltr'><strong>ad</strong></span> <span class='ocrx_word' id='word_1_120' title='bbox 513 1678 682 1744; x_wconf 83' lang='lat' dir='ltr'><strong>ueritatem</strong></span> <span class='ocrx_word' id='word_1_121' title='bbox 704 1679 878 1761; x_wconf 85' lang='lat' dir='ltr'><strong>accedere,</strong></span> <span class='ocrx_word' id='word_1_122' title='bbox 899 1701 983 1764; x_wconf 88' lang='lat' dir='ltr'><strong>quae</strong></span> <span class='ocrx_word' id='word_1_123' title='bbox 1004 1680 1129 1747; x_wconf 82' lang='lat' dir='ltr'><strong>Liuium</strong></span> <span class='ocrx_word' id='word_1_124' title='bbox 1151 1682 1184 1747; x_wconf 93' lang='lat' dir='ltr'><strong>in</strong></span> <span class='ocrx_word' id='word_1_125' title='bbox 1207 1703 1258 1748; x_wconf 91' lang='lat' dir='ltr'><strong>so·</strong></span> 
     </span>
     <span class='ocr_line' id='line_1_17' title="bbox 117 1786 1259 1873; baseline 0.003 -21"><span class='ocrx_word' id='word_1_126' title='bbox 117 1787 157 1854; x_wconf 91' lang='lat' dir='ltr'><strong>lis</strong></span> <span class='ocrx_word' id='word_1_127' title='bbox 179 1787 276 1853; x_wconf 88' lang='lat' dir='ltr'><strong>rebus</strong></span> <span class='ocrx_word' id='word_1_128' title='bbox 299 1787 455 1853; x_wconf 79' lang='lat' dir='ltr'><strong>Graeciae</strong></span> <span class='ocrx_word' id='word_1_129' title='bbox 465 1786 634 1852; x_wconf 88' lang='lat' dir='ltr'><strong>narrandis</strong></span> <span class='ocrx_word' id='word_1_130' title='bbox 657 1808 755 1870; x_wconf 88' lang='lat' dir='ltr'><strong>opere</strong></span> <span class='ocrx_word' id='word_1_131' title='bbox 778 1787 952 1873; x_wconf 78' lang='lat' dir='ltr'><strong>Polybiano</strong></span> <span class='ocrx_word' id='word_1_132' title='bbox 973 1811 1067 1855; x_wconf 88' lang='lat' dir='ltr'><strong>usum</strong></span> <span class='ocrx_word' id='word_1_133' title='bbox 1088 1810 1159 1856; x_wconf 89' lang='lat' dir='ltr'><strong>esse</strong></span> <span class='ocrx_word' id='word_1_134' title='bbox 1180 1811 1259 1857; x_wconf 90' lang='lat' dir='ltr'><strong>oon-</strong></span> 
     </span>
     <span class='ocr_line' id='line_1_18' title="bbox 116 1893 1258 1979; baseline 0.004 -19"><span class='ocrx_word' id='word_1_135' title='bbox 116 1895 231 1976; x_wconf 86' lang='lat' dir='ltr'><strong>tendit,</strong></span> <span class='ocrx_word' id='word_1_136' title='bbox 253 1896 363 1961; x_wconf 87' lang='lat' dir='ltr'><strong>statim</strong></span> <span class='ocrx_word' id='word_1_137' title='bbox 387 1894 428 1961; x_wconf 87' lang='lat' dir='ltr'><strong>ab</strong></span> <span class='ocrx_word' id='word_1_138' title='bbox 452 1895 546 1961; x_wconf 88' lang='lat' dir='ltr'><strong>initio</strong></span> <span class='ocrx_word' id='word_1_139' title='bbox 568 1913 633 1960; x_wconf 88' lang='lat' dir='ltr'><strong>non</strong></span> <span class='ocrx_word' id='word_1_140' title='bbox 655 1893 825 1960; x_wconf 84' lang='lat' dir='ltr'><strong>verisimile</strong></span> <span class='ocrx_word' id='word_1_141' title='bbox 838 1895 975 1979; x_wconf 86' lang='lat' dir='ltr'><strong>videtur,</strong></span> <span class='ocrx_word' id='word_1_142' title='bbox 997 1897 1030 1962; x_wconf 93' lang='lat' dir='ltr'><strong>iu</strong></span> <span class='ocrx_word' id='word_1_143' title='bbox 1051 1896 1147 1963; x_wconf 90' lang='lat' dir='ltr'><strong>rebus</strong></span> <span class='ocrx_word' id='word_1_144' title='bbox 1168 1897 1258 1963; x_wconf 84' lang='lat' dir='ltr'><strong>Afri-</strong></span> 
     </span>
     <span class='ocr_line' id='line_1_19' title="bbox 117 2000 833 2086; baseline -0.004 -18"><span class='ocrx_word' id='word_1_145' title='bbox 117 2022 173 2068; x_wconf 85' lang='lat' dir='ltr'><strong>cae</strong></span> <span class='ocrx_word' id='word_1_146' title='bbox 194 2001 316 2067; x_wconf 87' lang='lat' dir='ltr'><strong>Ioutem</strong></span> <span class='ocrx_word' id='word_1_147' title='bbox 338 2000 547 2086; x_wconf 88' lang='lat' dir='ltr'><strong>Polybianum</strong></span> <span class='ocrx_word' id='word_1_148' title='bbox 568 2001 704 2067; x_wconf 81' lang='lat' dir='ltr'><strong>Inveniri</strong></span> <span class='ocrx_word' id='word_1_149' title='bbox 725 2018 833 2085; x_wconf 81' lang='lat' dir='ltr'><strong>posse.</strong></span> 
     </span>
    </p>

    <p class='ocr_par' dir='ltr' id='par_1_6' title="bbox 115 2106 1260 3163">
     <span class='ocr_line' id='line_1_20' title="bbox 204 2106 1256 2193; baseline 0.003 -21"><span class='ocrx_word' id='word_1_150' title='bbox 204 2109 251 2173; x_wconf 84' lang='lat' dir='ltr'><strong>Ac</strong></span> <span class='ocrx_word' id='word_1_151' title='bbox 284 2108 423 2192; x_wconf 90' lang='lat' dir='ltr'><strong>primum</strong></span> <span class='ocrx_word' id='word_1_152' title='bbox 453 2106 600 2192; x_wconf 89' lang='lat' dir='ltr'><strong>quidem,</strong></span> <span class='ocrx_word' id='word_1_153' title='bbox 634 2106 722 2191; x_wconf 91' lang='lat' dir='ltr'><strong>quod</strong></span> <span class='ocrx_word' id='word_1_154' title='bbox 744 2107 787 2173; x_wconf 88' lang='lat' dir='ltr'><strong>ad</strong></span> <span class='ocrx_word' id='word_1_155' title='bbox 808 2129 836 2173; x_wconf 89' lang='lat' dir='ltr'><strong>o.</strong></span> <span class='ocrx_word' id='word_1_156' title='bbox 864 2112 890 2189; x_wconf 94' lang='lat' dir='ltr'><strong>l,</strong></span> <span class='ocrx_word' id='word_1_157' title='bbox 916 2112 1021 2174; x_wconf 88' lang='grc'>1-18</span> <span class='ocrx_word' id='word_1_158' title='bbox 1042 2110 1192 2193; x_wconf 85' lang='lat' dir='ltr'><strong>pertinet,</strong></span> <span class='ocrx_word' id='word_1_159' title='bbox 1213 2107 1256 2175; x_wconf 91' lang='lat' dir='ltr'><strong>ad</strong></span> 
     </span>
     <span class='ocr_line' id='line_1_21' title="bbox 117 2213 1257 2300; baseline 0 -20"><span class='ocrx_word' id='word_1_160' title='bbox 117 2235 290 2300; x_wconf 87' lang='lat' dir='ltr'><strong>quemnam</strong></span> <span class='ocrx_word' id='word_1_161' title='bbox 312 2214 433 2282; x_wconf 85' lang='lat' dir='ltr'><strong>iontem</strong></span> <span class='ocrx_word' id='word_1_162' title='bbox 446 2235 485 2280; x_wconf 90' lang='lat' dir='ltr'><strong>ea</strong></span> <span class='ocrx_word' id='word_1_163' title='bbox 506 2213 677 2281; x_wconf 82' lang='lat' dir='ltr'><strong>referunda</strong></span> <span class='ocrx_word' id='word_1_164' title='bbox 701 2214 777 2297; x_wconf 87' lang='lat' dir='ltr'><strong>sint,</strong></span> <span class='ocrx_word' id='word_1_165' title='bbox 789 2214 933 2282; x_wconf 86' lang='lat' dir='ltr'><strong>dubitari</strong></span> <span class='ocrx_word' id='word_1_166' title='bbox 953 2217 1067 2300; x_wconf 87' lang='lat' dir='ltr'><strong>possit.</strong></span> <span class='ocrx_word' id='word_1_167' title='bbox 1100 2216 1164 2283; x_wconf 86' lang='lat' dir='ltr'><strong>Sed</strong></span> <span class='ocrx_word' id='word_1_168' title='bbox 1180 2215 1257 2282; x_wconf 88' lang='lat' dir='ltr'><strong>hae·</strong></span> 
     </span>
     <span class='ocr_line' id='line_1_22' title="bbox 115 2321 1258 2407; baseline 0 -19"><span class='ocrx_word' id='word_1_169' title='bbox 115 2344 223 2389; x_wconf 86' lang='lat' dir='ltr'><strong>remus</strong></span> <span class='ocrx_word' id='word_1_170' title='bbox 245 2323 279 2388; x_wconf 89' lang='lat' dir='ltr'><strong>in</strong></span> <span class='ocrx_word' id='word_1_171' title='bbox 301 2344 327 2390; x_wconf 87' lang='lat' dir='ltr'><strong>c.</strong></span> <span class='ocrx_word' id='word_1_172' title='bbox 354 2327 381 2404; x_wconf 95' lang='grc'><strong>1,</strong></span> <span class='ocrx_word' id='word_1_173' title='bbox 409 2327 446 2386; x_wconf 88' lang='grc'>12</span> <span class='ocrx_word' id='word_1_174' title='bbox 461 2322 518 2388; x_wconf 92' lang='lat' dir='ltr'><strong>ubi</strong></span> <span class='ocrx_word' id='word_1_175' title='bbox 540 2321 647 2407; x_wconf 87' lang='lat' dir='ltr'><strong>Scipio</strong></span> <span class='ocrx_word' id='word_1_176' title='bbox 669 2322 811 2406; x_wconf 78' lang='lat' dir='ltr'><strong>legiones</strong></span> <span class='ocrx_word' id='word_1_177' title='bbox 832 2323 1008 2406; x_wconf 83' lang='lat' dir='ltr'><strong>inspexisse</strong></span> <span class='ocrx_word' id='word_1_178' title='bbox 1021 2323 1149 2390; x_wconf 88' lang='lat' dir='ltr'><strong>dieitur.</strong></span> <span class='ocrx_word' id='word_1_179' title='bbox 1190 2323 1258 2388; x_wconf 90' lang='lat' dir='ltr'><strong>An·</strong></span> 
     </span>
     <span class='ocr_line' id='line_1_23' title="bbox 115 2429 1259 2512; baseline 0 -16"><span class='ocrx_word' id='word_1_180' title='bbox 115 2435 169 2496; x_wconf 88' lang='lat' dir='ltr'><strong>tea</strong></span> <span class='ocrx_word' id='word_1_181' title='bbox 200 2431 283 2496; x_wconf 85' lang='lat' dir='ltr'><strong>enirn</strong></span> <span class='ocrx_word' id='word_1_182' title='bbox 304 2431 341 2498; x_wconf 91' lang='lat' dir='ltr'><strong>L.</strong></span> <span class='ocrx_word' id='word_1_183' title='bbox 358 2429 524 2512; x_wconf 85' lang='lat' dir='ltr'>XXVIIII,</span> <span class='ocrx_word' id='word_1_184' title='bbox 558 2435 611 2511; x_wconf 82' lang='lat'><strong>45,</strong></span> <span class='ocrx_word' id='word_1_185' title='bbox 635 2435 655 2494; x_wconf 86' lang='lat'><strong>8</strong></span> <span class='ocrx_word' id='word_1_186' title='bbox 676 2431 757 2496; x_wconf 87' lang='lat' dir='ltr'><strong>nihiI</strong></span> <span class='ocrx_word' id='word_1_187' title='bbox 778 2432 841 2496; x_wconf 88' lang='lat' dir='ltr'><strong>nisi</strong></span> <span class='ocrx_word' id='word_1_188' title='bbox 862 2453 960 2497; x_wconf 87' lang='lat' dir='ltr'><strong>naves</strong></span> <span class='ocrx_word' id='word_1_189' title='bbox 982 2433 1012 2499; x_wconf 88' lang='lat' dir='ltr'><strong>ei</strong></span> <span class='ocrx_word' id='word_1_190' title='bbox 1031 2431 1259 2498; x_wconf 84' lang='lat' dir='ltr'><strong>decretasesse</strong></span> 
     </span>
     <span class='ocr_line' id='line_1_24' title="bbox 115 2536 1258 2624; baseline 0.002 -22"><span class='ocrx_word' id='word_1_191' title='bbox 115 2536 316 2619; x_wconf 84' lang='lat' dir='ltr'><strong>audivimus,</strong></span> <span class='ocrx_word' id='word_1_192' title='bbox 339 2537 631 2621; x_wconf 83' lang='lat' dir='ltr'><strong>atqueLXXVIII,</strong></span> <span class='ocrx_word' id='word_1_193' title='bbox 643 2541 695 2619; x_wconf 83' lang='lat'><strong>45,</strong></span> <span class='ocrx_word' id='word_1_194' title='bbox 714 2542 752 2603; x_wconf 84' lang='lat'><strong>13</strong></span> <span class='ocrx_word' id='word_1_195' title='bbox 768 2559 841 2603; x_wconf 90' lang='lat' dir='ltr'><strong>eum</strong></span> <span class='ocrx_word' id='word_1_196' title='bbox 864 2538 1016 2605; x_wconf 90' lang='lat' dir='ltr'><strong>dilectum</strong></span> <span class='ocrx_word' id='word_1_197' title='bbox 1036 2560 1140 2624; x_wconf 90' lang='lat' dir='ltr'><strong>neque</strong></span> <span class='ocrx_word' id='word_1_198' title='bbox 1158 2539 1258 2623; x_wconf 90' lang='lat' dir='ltr'><strong>impe·</strong></span> 
     </span>
     <span class='ocr_line' id='line_1_25' title="bbox 115 2645 1260 2728; baseline 0.003 -18"><span class='ocrx_word' id='word_1_199' title='bbox 115 2651 239 2726; x_wconf 88' lang='lat' dir='ltr'><strong>trasse,</strong></span> <span class='ocrx_word' id='word_1_200' title='bbox 261 2665 366 2728; x_wconf 90' lang='lat' dir='ltr'><strong>neque</strong></span> <span class='ocrx_word' id='word_1_201' title='bbox 388 2665 582 2728; x_wconf 83' lang='lat' dir='ltr'><strong>magnopere</strong></span> <span class='ocrx_word' id='word_1_202' title='bbox 611 2645 797 2712; x_wconf 88' lang='lat' dir='ltr'><strong>tetendisse.</strong></span> <span class='ocrx_word' id='word_1_203' title='bbox 846 2645 940 2724; x_wconf 82' lang='lat' dir='ltr'><strong>Quod</strong></span> <span class='ocrx_word' id='word_1_204' title='bbox 970 2645 1092 2714; x_wconf 80' lang='lat' dir='ltr'><strong>invidia</strong></span> <span class='ocrx_word' id='word_1_205' title='bbox 1120 2647 1260 2714; x_wconf 88' lang='lat' dir='ltr'><strong>maxime</strong></span> 
     </span>
     <span class='ocr_line' id='line_1_26' title="bbox 117 2753 1258 2837; baseline 0.004 -19"><span class='ocrx_word' id='word_1_206' title='bbox 117 2753 267 2819; x_wconf 82' lang='lat' dir='ltr'><strong>factionis</strong></span> <span class='ocrx_word' id='word_1_207' title='bbox 289 2753 455 2818; x_wconf 83' lang='lat' dir='ltr'><strong>Fabianae</strong></span> <span class='ocrx_word' id='word_1_208' title='bbox 477 2754 594 2818; x_wconf 83' lang='lat' dir='ltr'><strong>sactum</strong></span> <span class='ocrx_word' id='word_1_209' title='bbox 619 2773 699 2834; x_wconf 88' lang='lat' dir='ltr'><strong>esse,</strong></span> <span class='ocrx_word' id='word_1_210' title='bbox 723 2754 756 2818; x_wconf 91' lang='lat' dir='ltr'><strong>iu</strong></span> <span class='ocrx_word' id='word_1_211' title='bbox 778 2760 893 2837; x_wconf 89' lang='lat' dir='ltr'><strong>aperto</strong></span> <span class='ocrx_word' id='word_1_212' title='bbox 915 2759 983 2837; x_wconf 90' lang='lat' dir='ltr'><strong>est;</strong></span> <span class='ocrx_word' id='word_1_213' title='bbox 1007 2761 1134 2822; x_wconf 90' lang='lat' dir='ltr'><strong>etcum</strong></span> <span class='ocrx_word' id='word_1_214' title='bbox 1156 2756 1258 2822; x_wconf 88' lang='lat' dir='ltr'><strong>Weis-</strong></span> 
     </span>
     <span class='ocr_line' id='line_1_27' title="bbox 117 2858 1258 2946; baseline 0.005 -22"><span class='ocrx_word' id='word_1_215' title='bbox 117 2858 308 2925; x_wconf 85' lang='lat' dir='ltr'><strong>seubornius</strong></span> <span class='ocrx_word' id='word_1_216' title='bbox 319 2860 353 2924; x_wconf 93' lang='lat' dir='ltr'><strong>iu</strong></span> <span class='ocrx_word' id='word_1_217' title='bbox 364 2860 573 2926; x_wconf 89' lang='lat' dir='ltr'><strong>annotatione</strong></span> <span class='ocrx_word' id='word_1_218' title='bbox 582 2858 625 2926; x_wconf 89' lang='lat' dir='ltr'><strong>ad</strong></span> <span class='ocrx_word' id='word_1_219' title='bbox 637 2859 693 2927; x_wconf 91' lang='lat' dir='ltr'><strong>lib.</strong></span> <span class='ocrx_word' id='word_1_220' title='bbox 703 2861 818 2942; x_wconf 92' lang='lat' dir='ltr'>XXIX,</span> <span class='ocrx_word' id='word_1_221' title='bbox 851 2868 891 2944; x_wconf 93' lang='lat'><strong>1,</strong></span> <span class='ocrx_word' id='word_1_222' title='bbox 918 2865 956 2927; x_wconf 98' lang='grc'>12</span> <span class='ocrx_word' id='word_1_223' title='bbox 980 2862 1258 2946; x_wconf 82' lang='lat' dir='ltr'><strong>demonstraverit,</strong></span> 
     </span>
     <span class='ocr_line' id='line_1_28' title="bbox 117 2963 1258 3054; baseline 0.004 -22"><span class='ocrx_word' id='word_1_224' title='bbox 117 2965 341 3033; x_wconf 80' lang='lat' dir='ltr'><strong>Cannensibus</strong></span> <span class='ocrx_word' id='word_1_225' title='bbox 362 2963 542 3052; x_wconf 86' lang='lat' dir='ltr'><strong>legionibus</strong></span> <span class='ocrx_word' id='word_1_226' title='bbox 565 2966 725 3049; x_wconf 88' lang='lat' dir='ltr'><strong>abductis,</strong></span> <span class='ocrx_word' id='word_1_227' title='bbox 747 2967 864 3035; x_wconf 82' lang='lat' dir='ltr'><strong>mllites</strong></span> <span class='ocrx_word' id='word_1_228' title='bbox 886 2969 921 3034; x_wconf 92' lang='lat' dir='ltr'><strong>in</strong></span> <span class='ocrx_word' id='word_1_229' title='bbox 942 2969 1052 3036; x_wconf 86' lang='lat' dir='ltr'><strong>Sicilia</strong></span> <span class='ocrx_word' id='word_1_230' title='bbox 1073 2971 1258 3054; x_wconf 86' lang='lat' dir='ltr'><strong>noniuisee,</strong></span> 
     </span>
     <span class='ocr_line' id='line_1_29' title="bbox 118 3073 1258 3163; baseline 0.007 -25"><span class='ocrx_word' id='word_1_231' title='bbox 118 3075 261 3157; x_wconf 86' lang='lat' dir='ltr'><strong>exceptis</strong></span> <span class='ocrx_word' id='word_1_232' title='bbox 272 3073 430 3159; x_wconf 85' lang='lat' dir='ltr'><strong>Scipionis</strong></span> <span class='ocrx_word' id='word_1_233' title='bbox 450 3075 640 3142; x_wconf 86' lang='lat' dir='ltr'><strong>voluntariis</strong></span> <span class='ocrx_word' id='word_1_234' title='bbox 647 3075 688 3152; x_wconf 81' lang='lat'><strong>⁸¹)</strong></span> <span class='ocrx_word' id='word_1_235' title='bbox 712 3098 807 3143; x_wconf 87' lang='lat' dir='ltr'><strong>nemo</strong></span> <span class='ocrx_word' id='word_1_236' title='bbox 828 3098 907 3143; x_wconf 87' lang='lat' dir='ltr'><strong>sane</strong></span> <span class='ocrx_word' id='word_1_237' title='bbox 925 3076 1056 3159; x_wconf 83' lang='lat' dir='ltr'><strong>ridebit,</strong></span> <span class='ocrx_word' id='word_1_238' title='bbox 1083 3100 1258 3163; x_wconf 87' lang='lat' dir='ltr'><strong>quasnam</strong></span> 
     </span>
    </p>
   </div>
   <div class='ocr_carea' id='block_1_4' title="bbox 115 3229 1261 4200">
    <p class='ocr_par' dir='ltr' id='par_1_7' title="bbox 115 3229 1261 3849">
     <span class='ocr_line' id='line_1_30' title="bbox 190 3229 1261 3303; baseline 0.006 -17"><span class='ocrx_word' id='word_1_239' title='bbox 190 3233 235 3302; x_wconf 81' lang='grc'><strong>30)</strong></span> <span class='ocrx_word' id='word_1_240' title='bbox 254 3229 296 3284; x_wconf 88' lang='lat' dir='ltr'><strong>Ita</strong></span> <span class='ocrx_word' id='word_1_241' title='bbox 312 3230 446 3287; x_wconf 88' lang='lat' dir='ltr'><strong>fluctuant</strong></span> <span class='ocrx_word' id='word_1_242' title='bbox 464 3232 589 3287; x_wconf 87' lang='lat' dir='ltr'><strong>locorum</strong></span> <span class='ocrx_word' id='word_1_243' title='bbox 607 3233 728 3303; x_wconf 90' lang='lat' dir='ltr'><strong>nomina,</strong></span> <span class='ocrx_word' id='word_1_244' title='bbox 746 3251 778 3289; x_wconf 89' lang='lat' dir='ltr'><strong>ae</strong></span> <span class='ocrx_word' id='word_1_245' title='bbox 796 3249 840 3288; x_wconf 82' lang='lat' dir='ltr'><strong>rea</strong></span> <span class='ocrx_word' id='word_1_246' title='bbox 858 3233 934 3288; x_wconf 87' lang='lat' dir='ltr'><strong>omni</strong></span> <span class='ocrx_word' id='word_1_247' title='bbox 951 3251 1022 3288; x_wconf 84' lang='lat' dir='ltr'><strong>nexu</strong></span> <span class='ocrx_word' id='word_1_248' title='bbox 1039 3234 1078 3290; x_wconf 86' lang='lat' dir='ltr'><strong>itu</strong></span> <span class='ocrx_word' id='word_1_249' title='bbox 1094 3234 1166 3291; x_wconf 87' lang='lat' dir='ltr'><strong>inter</strong></span> <span class='ocrx_word' id='word_1_250' title='bbox 1175 3253 1205 3290; x_wconf 90' lang='lat' dir='ltr'><strong>se</strong></span> <span class='ocrx_word' id='word_1_251' title='bbox 1214 3253 1261 3292; x_wconf 85' lang='lat' dir='ltr'><strong>ca·</strong></span> 
     </span>
     <span class='ocr_line' id='line_1_31' title="bbox 116 3321 1260 3396; baseline 0.005 -20"><span class='ocrx_word' id='word_1_252' title='bbox 116 3323 193 3385; x_wconf 88' lang='lat' dir='ltr'><strong>reut,</strong></span> <span class='ocrx_word' id='word_1_253' title='bbox 211 3325 242 3376; x_wconf 89' lang='lat' dir='ltr'><strong>ut</strong></span> <span class='ocrx_word' id='word_1_254' title='bbox 260 3321 377 3391; x_wconf 89' lang='lat' dir='ltr'><strong>aliquem</strong></span> <span class='ocrx_word' id='word_1_255' title='bbox 399 3323 538 3378; x_wconf 88' lang='lat' dir='ltr'><strong>bominem</strong></span> <span class='ocrx_word' id='word_1_256' title='bbox 567 3324 678 3380; x_wconf 90' lang='lat' dir='ltr'><strong>doctum</strong></span> <span class='ocrx_word' id='word_1_257' title='bbox 703 3325 830 3380; x_wconf 89' lang='lat' dir='ltr'><strong>mutilam</strong></span> <span class='ocrx_word' id='word_1_258' title='bbox 847 3323 918 3380; x_wconf 84' lang='lat' dir='ltr'><strong>Liuii</strong></span> <span class='ocrx_word' id='word_1_259' title='bbox 940 3325 1123 3381; x_wconf 84' lang='lat' dir='ltr'><strong>narrationem</strong></span> <span class='ocrx_word' id='word_1_260' title='bbox 1141 3344 1260 3396; x_wconf 90' lang='lat' dir='ltr'><strong>quoquo-</strong></span> 
     </span>
     <span class='ocr_line' id='line_1_32' title="bbox 116 3413 1261 3492; baseline 0.007 -24"><span class='ocrx_word' id='word_1_261' title='bbox 116 3413 200 3470; x_wconf 89' lang='lat' dir='ltr'><strong>modo</strong></span> <span class='ocrx_word' id='word_1_262' title='bbox 224 3415 392 3484; x_wconf 83' lang='lat' dir='ltr'><strong>repararisse</strong></span> <span class='ocrx_word' id='word_1_263' title='bbox 414 3420 503 3485; x_wconf 87' lang='lat' dir='ltr'><strong>putes.</strong></span> <span class='ocrx_word' id='word_1_264' title='bbox 548 3417 598 3472; x_wconf 85' lang='lat' dir='ltr'><strong>eir.</strong></span> <span class='ocrx_word' id='word_1_265' title='bbox 621 3434 690 3486; x_wconf 86' lang='lat' dir='ltr'><strong>qnae</strong></span> <span class='ocrx_word' id='word_1_266' title='bbox 713 3434 738 3472; x_wconf 89' lang='lat' dir='ltr'><strong>c.</strong></span> <span class='ocrx_word' id='word_1_267' title='bbox 756 3420 801 3486; x_wconf 87' lang='lat'><strong>41,</strong></span> <span class='ocrx_word' id='word_1_268' title='bbox 824 3421 841 3472; x_wconf 81' lang='lat'><strong>3</strong></span> <span class='ocrx_word' id='word_1_269' title='bbox 869 3417 904 3473; x_wconf 88' lang='lat' dir='ltr'><strong>de</strong></span> <span class='ocrx_word' id='word_1_270' title='bbox 928 3417 1030 3474; x_wconf 81' lang='lat' dir='ltr'><strong>Castris</strong></span> <span class='ocrx_word' id='word_1_271' title='bbox 1048 3420 1118 3475; x_wconf 86' lang='lat' dir='ltr'><strong>albis</strong></span> <span class='ocrx_word' id='word_1_272' title='bbox 1135 3420 1261 3492; x_wconf 88' lang='lat' dir='ltr'><strong>legimus.</strong></span> 
     </span>
     <span class='ocr_line' id='line_1_33' title="bbox 115 3506 1259 3582; baseline 0.007 -22"><span class='ocrx_word' id='word_1_273' title='bbox 115 3506 237 3576; x_wconf 85' lang='lat' dir='ltr'><strong>iliturgis</strong></span> <span class='ocrx_word' id='word_1_274' title='bbox 255 3523 281 3561; x_wconf 89' lang='lat' dir='ltr'><strong>e.</strong></span> <span class='ocrx_word' id='word_1_275' title='bbox 298 3507 342 3569; x_wconf 77' lang='grc'><strong>31,</strong></span> <span class='ocrx_word' id='word_1_276' title='bbox 361 3511 394 3576; x_wconf 81' lang='lat'><strong>83</strong></span> <span class='ocrx_word' id='word_1_277' title='bbox 413 3507 528 3578; x_wconf 84' lang='lat' dir='ltr'><strong>Bigerra</strong></span> <span class='ocrx_word' id='word_1_278' title='bbox 545 3525 570 3564; x_wconf 88' lang='lat' dir='ltr'><strong>o.</strong></span> <span class='ocrx_word' id='word_1_279' title='bbox 589 3513 634 3574; x_wconf 89' lang='lat'><strong>41,</strong></span> <span class='ocrx_word' id='word_1_280' title='bbox 653 3513 704 3579; x_wconf 75' lang='lat'><strong>115</strong></span> <span class='ocrx_word' id='word_1_281' title='bbox 729 3509 834 3565; x_wconf 81' lang='lat' dir='ltr'><strong>Munda</strong></span> <span class='ocrx_word' id='word_1_282' title='bbox 850 3510 907 3566; x_wconf 83' lang='lat' dir='ltr'><strong>sire</strong></span> <span class='ocrx_word' id='word_1_283' title='bbox 924 3510 1020 3567; x_wconf 83' lang='lat' dir='ltr'><strong>Minda</strong></span> <span class='ocrx_word' id='word_1_284' title='bbox 1042 3528 1068 3566; x_wconf 86' lang='lat' dir='ltr'><strong>c.</strong></span> <span class='ocrx_word' id='word_1_285' title='bbox 1087 3514 1133 3566; x_wconf 86' lang='grc'><strong>42.</strong></span> <span class='ocrx_word' id='word_1_286' title='bbox 1153 3514 1187 3582; x_wconf 80' lang='lat'><strong>13</strong></span> <span class='ocrx_word' id='word_1_287' title='bbox 1205 3512 1259 3568; x_wconf 75' lang='lat' dir='ltr'><strong>Au·</strong></span> 
     </span>
     <span class='ocr_line' id='line_1_34' title="bbox 116 3597 1260 3674; baseline 0.005 -20"><span class='ocrx_word' id='word_1_288' title='bbox 116 3599 177 3654; x_wconf 86' lang='lat' dir='ltr'><strong>rinx</strong></span> <span class='ocrx_word' id='word_1_289' title='bbox 194 3597 238 3654; x_wconf 85' lang='lat' dir='ltr'><strong>rel</strong></span> <span class='ocrx_word' id='word_1_290' title='bbox 255 3597 390 3668; x_wconf 74' lang='lat' dir='ltr'><strong>Auringis,</strong></span> <span class='ocrx_word' id='word_1_291' title='bbox 409 3597 526 3670; x_wconf 80' lang='lat' dir='ltr'><strong>Orongis</strong></span> <span class='ocrx_word' id='word_1_292' title='bbox 544 3605 598 3654; x_wconf 82' lang='lat' dir='ltr'><strong>etc.</strong></span> <span class='ocrx_word' id='word_1_293' title='bbox 634 3617 659 3656; x_wconf 87' lang='lat' dir='ltr'><strong>o.</strong></span> <span class='ocrx_word' id='word_1_294' title='bbox 683 3602 720 3654; x_wconf 91' lang='grc'><strong>42</strong></span> <span class='ocrx_word' id='word_1_295' title='bbox 746 3602 772 3654; x_wconf 80' lang='lat'><strong>5.</strong></span> <span class='ocrx_word' id='word_1_296' title='bbox 792 3600 864 3656; x_wconf 82' lang='lat' dir='ltr'><strong>Galli</strong></span> <span class='ocrx_word' id='word_1_297' title='bbox 889 3618 914 3656; x_wconf 92' lang='lat' dir='ltr'><strong>c.</strong></span> <span class='ocrx_word' id='word_1_298' title='bbox 932 3604 978 3667; x_wconf 84' lang='grc'>42,</span> <span class='ocrx_word' id='word_1_299' title='bbox 996 3604 1068 3658; x_wconf 84' lang='grc'><strong>6-8</strong></span> <span class='ocrx_word' id='word_1_300' title='bbox 1088 3607 1136 3659; x_wconf 82' lang='lat' dir='ltr'><strong>aut</strong></span> <span class='ocrx_word' id='word_1_301' title='bbox 1152 3605 1260 3674; x_wconf 83' lang='lat' dir='ltr'><strong>conjec-</strong></span> 
     </span>
     <span class='ocr_line' id='line_1_35' title="bbox 122 3689 1261 3766; baseline 0.005 -20"><span class='ocrx_word' id='word_1_302' title='bbox 122 3696 185 3746; x_wconf 87' lang='lat' dir='ltr'><strong>tura</strong></span> <span class='ocrx_word' id='word_1_303' title='bbox 205 3690 234 3744; x_wconf 93' lang='lat' dir='ltr'><strong>iu</strong></span> <span class='ocrx_word' id='word_1_304' title='bbox 262 3689 386 3744; x_wconf 88' lang='lat' dir='ltr'><strong>ordinem</strong></span> <span class='ocrx_word' id='word_1_305' title='bbox 409 3696 605 3763; x_wconf 85' lang='lat' dir='ltr'><strong>pervenerunt,</strong></span> <span class='ocrx_word' id='word_1_306' title='bbox 636 3697 684 3748; x_wconf 87' lang='lat' dir='ltr'><strong>aut</strong></span> <span class='ocrx_word' id='word_1_307' title='bbox 701 3699 830 3763; x_wconf 85' lang='lat' dir='ltr'><strong>corrupta</strong></span> <span class='ocrx_word' id='word_1_308' title='bbox 848 3696 927 3766; x_wconf 84' lang='lat' dir='ltr'><strong>eunt,</strong></span> <span class='ocrx_word' id='word_1_309' title='bbox 953 3699 1001 3750; x_wconf 85' lang='lat' dir='ltr'><strong>aut</strong></span> <span class='ocrx_word' id='word_1_310' title='bbox 1018 3696 1085 3765; x_wconf 89' lang='lat' dir='ltr'><strong>quid</strong></span> <span class='ocrx_word' id='word_1_311' title='bbox 1103 3695 1157 3751; x_wconf 88' lang='lat' dir='ltr'><strong>sibi</strong></span> <span class='ocrx_word' id='word_1_312' title='bbox 1174 3697 1261 3752; x_wconf 86' lang='lat' dir='ltr'><strong>velint</strong></span> 
     </span>
     <span class='ocr_line' id='line_1_36' title="bbox 118 3782 979 3849; baseline 0.007 -15"><span class='ocrx_word' id='word_1_313' title='bbox 118 3797 173 3838; x_wconf 89' lang='lat' dir='ltr'><strong>nou</strong></span> <span class='ocrx_word' id='word_1_314' title='bbox 191 3782 314 3849; x_wconf 88' lang='lat' dir='ltr'><strong>apparet.</strong></span> <span class='ocrx_word' id='word_1_315' title='bbox 970 3828 979 3840; x_wconf 92' lang='lat'><strong>.</strong></span> 
     </span>
    </p>

    <p class='ocr_par' dir='ltr' id='par_1_8' title="bbox 118 3869 1261 4200">
     <span class='ocr_line' id='line_1_37' title="bbox 190 3869 1261 3944; baseline 0.004 -18"><span class='ocrx_word' id='word_1_316' title='bbox 190 3873 236 3938; x_wconf 84' lang='grc'>31)</span> <span class='ocrx_word' id='word_1_317' title='bbox 254 3869 388 3940; x_wconf 80' lang='lat' dir='ltr'><strong>Legiones</strong></span> <span class='ocrx_word' id='word_1_318' title='bbox 400 3875 491 3926; x_wconf 86' lang='lat' dir='ltr'><strong>autern</strong></span> <span class='ocrx_word' id='word_1_319' title='bbox 501 3873 534 3928; x_wconf 84' lang='lat' dir='ltr'><strong>L.</strong></span> <span class='ocrx_word' id='word_1_320' title='bbox 544 3873 649 3944; x_wconf 87' lang='lat' dir='ltr'>XXIX,</span> <span class='ocrx_word' id='word_1_321' title='bbox 675 3877 705 3943; x_wconf 91' lang='grc'><strong>1,</strong></span> <span class='ocrx_word' id='word_1_322' title='bbox 725 3877 760 3929; x_wconf 90' lang='grc'>12</span> <span class='ocrx_word' id='word_1_323' title='bbox 772 3880 999 3930; x_wconf 74' lang='lat' dir='ltr'><strong>commemoratas</strong></span> <span class='ocrx_word' id='word_1_324' title='bbox 1016 3893 1073 3930; x_wconf 90' lang='lat' dir='ltr'><strong>uon</strong></span> <span class='ocrx_word' id='word_1_325' title='bbox 1095 3875 1261 3930; x_wconf 80' lang='lat' dir='ltr'><strong>voluntarios</strong></span> 
     </span>
     <span class='ocr_line' id='line_1_38' title="bbox 118 3963 1260 4039; baseline 0.004 -21"><span class='ocrx_word' id='word_1_326' title='bbox 118 3965 182 4020; x_wconf 89' lang='lat' dir='ltr'><strong>illos</strong></span> <span class='ocrx_word' id='word_1_327' title='bbox 199 3979 267 4032; x_wconf 86' lang='lat' dir='ltr'><strong>esse,</strong></span> <span class='ocrx_word' id='word_1_328' title='bbox 285 3979 348 4018; x_wconf 88' lang='lat' dir='ltr'><strong>cum</strong></span> <span class='ocrx_word' id='word_1_329' title='bbox 366 3963 494 4035; x_wconf 85' lang='lat' dir='ltr'><strong>Scipione</strong></span> <span class='ocrx_word' id='word_1_330' title='bbox 510 3967 540 4020; x_wconf 90' lang='lat' dir='ltr'><strong>iu</strong></span> <span class='ocrx_word' id='word_1_331' title='bbox 558 3965 679 4022; x_wconf 80' lang='lat' dir='ltr'><strong>Siciliam</strong></span> <span class='ocrx_word' id='word_1_332' title='bbox 697 3967 831 4038; x_wconf 70' lang='lat' dir='ltr'><strong>majectos</strong></span> <span class='ocrx_word' id='word_1_333' title='bbox 849 3985 883 4022; x_wconf 81' lang='lat' dir='ltr'><strong>ex</strong></span> <span class='ocrx_word' id='word_1_334' title='bbox 898 3967 1000 4038; x_wconf 86' lang='lat' dir='ltr'>XXIX,</span> <span class='ocrx_word' id='word_1_335' title='bbox 1018 3971 1044 4034; x_wconf 89' lang='lat'><strong>1,</strong></span> <span class='ocrx_word' id='word_1_336' title='bbox 1063 3972 1089 4039; x_wconf 90' lang='lat'><strong>1,</strong></span> <span class='ocrx_word' id='word_1_337' title='bbox 1105 3968 1152 4022; x_wconf 90' lang='lat' dir='ltr'><strong>ubi</strong></span> <span class='ocrx_word' id='word_1_338' title='bbox 1163 3968 1260 4023; x_wconf 83' lang='lat' dir='ltr'><strong>volun·</strong></span> 
     </span>
     <span class='ocr_line' id='line_1_39' title="bbox 118 4055 1261 4130; baseline 0.004 -20"><span class='ocrx_word' id='word_1_339' title='bbox 118 4055 181 4110; x_wconf 77' lang='lat' dir='ltr'><strong>terii</strong></span> <span class='ocrx_word' id='word_1_340' title='bbox 204 4055 364 4112; x_wconf 83' lang='lat' dir='ltr'><strong>ordinantur</strong></span> <span class='ocrx_word' id='word_1_341' title='bbox 387 4063 416 4112; x_wconf 85' lang='lat' dir='ltr'><strong>ot</strong></span> <span class='ocrx_word' id='word_1_342' title='bbox 440 4058 636 4124; x_wconf 81' lang='lat' dir='ltr'><strong>centuriuutnr,</strong></span> <span class='ocrx_word' id='word_1_343' title='bbox 654 4064 683 4114; x_wconf 88' lang='lat' dir='ltr'><strong>et</strong></span> <span class='ocrx_word' id='word_1_344' title='bbox 700 4077 735 4116; x_wconf 85' lang='lat' dir='ltr'><strong>ex</strong></span> <span class='ocrx_word' id='word_1_345' title='bbox 751 4077 778 4114; x_wconf 87' lang='lat' dir='ltr'><strong>o.</strong></span> <span class='ocrx_word' id='word_1_346' title='bbox 795 4063 840 4129; x_wconf 85' lang='grc'>24,</span> <span class='ocrx_word' id='word_1_347' title='bbox 859 4062 893 4114; x_wconf 77' lang='grc'>13</span> <span class='ocrx_word' id='word_1_348' title='bbox 910 4062 1035 4130; x_wconf 79' lang='lat' dir='ltr'><strong>apparat,</strong></span> <span class='ocrx_word' id='word_1_349' title='bbox 1045 4059 1094 4115; x_wconf 89' lang='lat' dir='ltr'><strong>ubi</strong></span> <span class='ocrx_word' id='word_1_350' title='bbox 1105 4059 1261 4130; x_wconf 78' lang='lat' dir='ltr'><strong>legionibus</strong></span> 
     </span>
     <span class='ocr_line' id='line_1_40' title="bbox 118 4147 362 4200; baseline 0 0"><span class='ocrx_word' id='word_1_351' title='bbox 118 4147 311 4200; x_wconf 89' lang='lat' dir='ltr'><strong>attribuuntur.</strong></span> <span class='ocrx_word' id='word_1_352' title='bbox 333 4176 362 4186; x_wconf 87' lang='lat'>—</span> 
     </span>
    </p>
   </div>
   <div class='ocr_carea' id='block_1_5' title="bbox 0 0 1430 4642">
    <p class='ocr_par' dir='ltr' id='par_1_9' title="bbox 0 0 1430 4642">
     <span class='ocr_line' id='line_1_41' title="bbox 0 0 1430 4642; baseline 0 0"><span class='ocrx_word' id='word_1_353' title='bbox 0 0 1430 4642; x_wconf 95' lang='lat' dir='ltr'><strong> </strong></span> 
     </span>
    </p>
   </div>
  </div>
 </body>
</html>
