2842 4642
449 1477 631 1552 invius
658 1475 724 1548 ss
751 1473 1024 1558 posumus,

394 1659 600 1728 SCIPIONIS
622 1655 773 1726 RERUM
796 1653 1066 1722 SORIPTORES.

181 1915 190 1924 ’
253 1921 304 1988 De
326 1920 469 1988 fontibus
492 1919 622 1988 decadis
644 1920 761 1987 tertiae
783 1917 936 1984 Livianae
956 1917 1117 2001 scripturo
1138 1939 1256 2003 magna
1276 1942 1313 1987 so

165 2025 264 2096 offert
290 2027 463 2095 multitudo
493 2050 624 2109 eorum,
658 2028 715 2113 qui
745 2027 786 2094 de
815 2025 906 2092 libris
934 2024 1010 2090 XXI
1031 2030 1066 2092 et
1086 2025 1178 2092 XXII
1199 2027 1312 2094 doctas

165 2137 372 2222 quaestiones
393 2137 622 2220 instituerunt3
656 2136 697 2202 do
726 2136 820 2203 libris
842 2133 1076 2218 posterioribus
1105 2134 1237 2202 decadis
1264 2137 1312 2202 111

14 2274 28 2308 ι
165 2252 241 2330 post
271 2245 511 2312 Lachmannum
539 2267 632 2313 nemo
660 2243 728 2311 fere
754 2243 939 2311 accuratius
968 2243 1155 2327 disputavit.
1211 2243 1311 2329 Cujus

166 2354 395 2438 disputationis
417 2375 576 2420 summum
598 2353 773 2420 discrimen
784 2375 856 2419 cum
877 2352 912 2418 in
933 2373 971 2418 eo
993 2358 1148 2435 versetur,
1170 2355 1311 2438 utorigo

167 2461 385 2530 similitudinis
408 2461 490 2528 Liuii
511 2467 545 2527 et
566 2461 693 2547 Polybii
710 2459 904 2544 explicetur,
926 2459 1104 2528 similitudo
1125 2468 1232 2528 autem
1254 2462 1312 2530 illa

165 2594 232 2638 non
253 2572 358 2638 solum
376 2571 410 2636 in
431 2569 523 2636 libris
539 2569 751 2635 XXI-XXII
773 2569 866 2655 Liuii,
889 2568 944 2634 sed
967 2568 1191 2656 multomagis
1213 2571 1311 2638 etiam

165 2681 200 2747 in
221 2677 455 2768 posterioribus
477 2679 669 2760 inveniatur,
693 2678 721 2743 is
742 2677 822 2742 mihi
843 2677 886 2744 ad
908 2676 1070 2743 difficilem
1088 2679 1311 2763 quaestionem

166 2787 352 2858 solvendam
390 2785 478 2853 baud
508 2785 687 2870 spernenda
721 2785 850 2852 videtur
883 2785 1019 2868 addere,
1059 2787 1117 2870 qui
1152 2790 1310 2872 posterio·
1402 2801 1405 2805 ’

165 2919 235 2964 rum
268 2895 427 2962 librorum
446 2917 560 2961 uerum
592 2893 714 2960 fontem
736 2895 911 2971 invenerit3
944 2914 1010 2978 quo
1032 2895 1161 2980 cognitu
1182 2902 1313 2964 etcum

164 3005 257 3075 libris
278 3003 489 3070 XXI-XXII
511 3009 715 3087 comparato,
747 3001 823 3085 quid
855 3001 1048 3068 discriminis
1074 3003 1161 3069 inter
1182 3011 1311 3073 utrum-

165 3134 230 3198 que
251 3110 450 3194 intercedat,
473 3117 507 3176 et
528 3109 645 3194 quibus
664 3109 700 3174 in
722 3108 820 3174 rebus
842 3109 1062 3190 consentiant,
1091 3111 1185 3177 facile
1208 3134 1310 3199 appa-

165 3218 261 3288 rebit.
306 3217 399 3298 Quod
421 3241 491 3284 oum
514 3239 579 3284 non
601 3218 670 3284 sine
693 3217 804 3300 aliqua
833 3214 1025 3284 difficultate
1052 3217 1123 3284 fieri
1144 3241 1241 3306 pesse
1262 3225 1309 3290 in·

165 3327 362 3412 telligerem‚
385 3348 466 3410 opus
488 3346 658 3410 aggressus
682 3346 752 3390 sum
774 3344 838 3389 non
860 3324 977 3390 virium
997 3324 1134 3410 fiducia,
1157 3351 1260 3416 neque
1272 3339 1310 3399 ut

165 3458 238 3504 eum
259 3435 441 3502 hominibus
464 3435 568 3501 doctis
591 3433 737 3518 iniquum
759 3439 920 3500 certamen
942 3434 1067 3518 inirem,
1090 3437 1148 3504 sed
1161 3441 1239 3524 quia
1256 3463 1309 3510 res

164 3547 236 3630 ipsa
267 3545 353 3610 inter
381 3543 552 3629 legendum
578 3549 612 3609 et
641 3542 894 3626 comparandum
924 3543 1027 3627 magis
1055 3547 1222 3633 magisque
1256 3573 1310 3618 me

165 3652 339 3720 alliciebat.

252 3761 382 3827 Etenim
404 3781 477 3825 eum
498 3759 582 3826 Livii
603 3759 706 3826 libros
727 3758 908 3825 lectitarem
931 3765 965 3825 et
986 3759 1153 3847 Polybium
1175 3787 1238 3832 non
1261 3769 1309 3836 ita

165 3891 240 3936 raro
279 3867 419 3950 adirem,
454 3868 591 3950 primum
625 3887 675 3932 me
709 3867 796 3952 oepit
830 3865 1007 3933 similitudo
1038 3868 1196 3936 librorum
1226 3874 1309 3942 Livii

164 3975 378 4046 XXI-XXII
401 3981 434 4042 et
456 3975 664 4062 Polybii1113
687 3974 813 4058 deinde,
835 3996 908 4040 oum
924 3995 1091 4061 pergerem
1111 3978 1146 4044 in
1161 3978 1307 4068 legendo,

165 4092 297 4171 praeter
318 4107 374 4152 eas
395 4089 524 4170 partos,
554 4106 635 4170 quas
665 4086 735 4152 sine
768 4083 868 4152 dubio
895 4105 936 4150 ex
958 4084 1091 4170 Polybio
1120 4089 1309 4176 desumptas

166 4194 338 4280 putabam,
361 4194 478 4260 iterum
501 4194 608 4261 inveni
630 4193 872 4261 similitudinem
903 4193 936 4258 in
958 4192 1050 4260 libris
1071 4195 1308 4268 XXVI-XXX
